1783 3403
275 283 343 329 IN
376 247 701 330 NAviGmM
736 283 848 330 SEU
880 283 1074 330 vo‘rA.
1224 303 1306 350 501

51 388 120 430 per
132 387 249 427 quam
269 373 380 415 funes
401 375 655 415 traducuntur
676 374 767 415 teste
784 375 932 415 Servio.
957 373 1076 414 Paulo
1090 374 1170 427 post
1185 376 1221 415 in
1241 378 1314 418 hoc

51 428 138 482 ipso
155 429 327 480 dialogo:
353 430 423 467 aaa<
435 443 523 467 ‘tam
542 432 712 480 λαμπρὸν
732 429 899 476 ἀστέρα,
915 428 1139 478 Διοσκούρων
1155 434 1216 469 τὸν
1233 427 1314 471 ἕτε-

52 496 123 535 ρον,
135 481 349 521 ἐπικαθίσαι
362 481 414 533 τῷ
423 481 768 534 καρχησίῳζβῑίἰαηι
786 484 954 534 quandam
960 481 1187 533 splendidam,
1200 485 1313 535 Dios-

54 549 209 576 curorum
228 536 377 574 videlicet
398 536 560 580 alterum,
584 536 619 573 ἱη
630 537 794 586 carchefio
807 535 935 586 consedi
967 535 992 572 ὲ.
1008 534 1111 574 Vide
1132 535 1272 577 Polluc.
1286 539 1311 579 l.

53 593 93 642 ’9.
110 588 284 628 Macrob.
300 588 323 626 l.
344 601 408 628 10:
426 589 578 627 Navalis
591 589 671 627 mali
679 602 806 638 partem
819 588 1002 639 inferiorem
1017 602 1166 641 plemam
1182 594 1310 631 vocari.

56 642 114 687 'At
126 643 215 681 circa
225 642 365 682 mediam
372 641 477 693 ferme
484 655 611 693 partem
621 642 822 693 τράχηλον
834 642 1089 693 dici,summam
1102 658 1177 681 vero
1185 658 1313 694 partem

55 697 255 747 &archefium
273 696 452 734 nominari.
474 695 536 733 De
551 694 602 744 τῷ
618 696 758 746 πέρναι
775 697 813 734 &
829 698 1035 748 καρχήσιον
1050 695 1145 734 idem
1162 698 1315 737 notavit

55 747 210 798 Pollux,
220 747 282 788 sed
294 749 341 788 de
355 748 548 788 carchesio
561 749 675 794 addit,
691 748 780 787 illud
796 748 903 787 aliter
916 750 1026 787 etiam
1041 749 1110 788 dici
1122 746 1317 797 ἠλακάτη,

56 801 99 840 81
114 801 306 853 θωράκιον.
322 801 488 840 Fuerant
503 812 632 841 autem
645 802 834 841 carchesia
847 801 942 851 picta
958 804 996 841 ὅ(
1012 802 1131 841 minio
1144 803 1235 842 illita
1247 836 1257 852 ‚
1270 817 1314 844 ut

56 854 223 895 flammei
246 854 363 894 effent
384 854 602 906 splendoris.
624 855 740 907 Apul.
761 855 815 895 XI
833 856 988 894 Metam.
1011 857 1136 894 Malus
1154 858 1315 908 infitrgz’t,

51 909 159 962 pinus
173 912 338 954 rotunda,
349 908 526 960 splendore
545 908 724 960 sublimis,
751 909 910 959 insignis,
940 909 1100 960 carchesio
1122 910 1313 963 conspicua.

57 961 123 1005 Sic
134 961 214 1001 edd.
224 973 386 1002 veteres.
401 961 472 1001 Sed
484 962 731 1002 recentiores:
747 962 921 1014 splendore
926 962 1100 1014 sublimis,
1114 957 1230 1017 infigm'
1244 980 1315 1004 car·

59 1017 168 1067 chefio
182 1015 372 1067 conspicua.
389 1015 460 1054 Sed
477 1016 568 1068 quid
587 1014 761 1065 splendor
776 1015 861 1053 facit
875 1017 920 1054 ad
940 1015 1229 1058 sublimitatem?
1246 1018 1315 1057 Pu·

60 1074 104 1109 t'o
118 1070 341 1122 legendum:
356 1069 529 1123 splendore
539 1069 678 1119 sublimi
692 1069 831 1121 insignis
842 1100 855 1117 ,
870 1070 1031 1120 carchefio
1051 1069 1251 1121 conspicua,
1273 1073 1309 1111 h.

58 1129 94 1162 e.
109 1124 176 1175 qui
193 1123 314 1162 malus
332 1124 369 1162 in
384 1121 634 1170 sublimitate,
660 1121 722 1161 seu
743 1123 780 1160 in
797 1123 993 1161 cacumine
1013 1122 1195 1174 splendet,
1221 1137 1314 1163 con-

58 1174 231 1227 spicuum
257 1175 491 1216 carchefium
518 1175 652 1215 ferens.
680 1175 876 1217 Catullus:
905 1176 1035 1214 Lucida
1057 1192 1124 1230 qua
1140 1178 1316 1230 splendent

53 1228 182 1287 summi
196 1232 363 1282 carchesia
375 1231 466 1268 malt'.
487 1229 661 1270 GRAEV.

113 1283 192 1323 ibid.
202 1283 243 1323 Αἱ
253 1283 417 1338 γραφαὶ)
433 1282 634 1335 Adscripsit
645 1282 857 1323 Hemsterh.
869 1282 945 1323 vid.
955 1281 1062 1321 Duk.
1076 1283 1121 1321 ad
1130 1283 1312 1335 Thucyd-

62 1336 149 1384 VI,
171 1349 229 1388 31.
262 1337 334 1377 Sed
353 1337 445 1376 nihil
470 1337 571 1376 aliud
593 1337 644 1375 ibi
672 1337 794 1389 agitur
808 1365 820 1384 ‚
843 1349 960 1388 quam
986 1337 1090 1387 quod
1117 1337 1310 1377 Scholiast.

58 1390 358 1442 Thucydideum
379 1390 545 1440 σημείοις
564 1392 832 1443 interpretetur
855 1391 1111 1442 καταγραφὰς
1130 1389 1199 1428 τῶν
1217 1405 1315 1441 τριη·

59 1443 143 1497 ρῶν,
158 1446 263 1498 quod
275 1457 323 1484 ex
346 1444 422 1484 hoc
436 1444 593 1483 Luciani
608 1445 698 1483 loco
722 1442 942 1484 confirmari
954 1472 965 1489 ,
989 1442 1049 1481 sed
1073 1443 1112 1482 δι
1126 1443 1173 1483 de
1191 1458 1315 1495 παρα·

63 1496 195 1549 σῇμοις
206 1511 251 1538 ac
267 1497 393 1538 tutelis
412 1499 568 1536 navium
584 1497 746 1549 cogitari
765 1496 890 1549 poffit.
914 1497 1059 1535 Ritu-z.

116 1555 191 1592 ead.
205 1553 231 1591 l.
243 1553 279 1591 6.
300 1550 431 1591 Ἰσ-τίσυ
444 1555 488 1591 τὸ
503 1550 707 1603 φωράσων)
721 1551 879 1590 Nomen
889 1548 1098 1602 ignorabile
1111 1550 1223 1590 nobis
1236 1567 1317 1591 ποι·

37 1634 39 1638 -
65 1607 203 1658 ρέισιον,
218 1604 343 1645 nescio
359 1617 407 1644 an
421 1603 504 1645 satis
517 1605 716 1657 cognitum
734 1603 952 1650 Scheffero,
967 1603 1036 1656 qui
1052 1603 1229 1656 Parafiam
1245 1617 1318 1657 ap·

65 1657 245 1711 pellat‘de
263 1659 344 1698 Mil.
358 1659 459 1697 Nav.
471 1658 525 1697 111
578 1671 592 1696 1
606 1688 619 1705 ‚
633 1672 669 1710 p.
690 1671 760 1707 ¹70
772 1689 783 1704 ,
797 1671 841 1697 ac
858 1671 956 1708 175,
968 1656 1071 1709 quod
1085 1656 1175 1696 alias
1189 1658 1316 1708 παρίε-

66 1727 183 1761 σημον
198 1713 262 1752 est.
279 1712 351 1752 Sed
364 1712 452 1751 licet
466 1712 504 1763 ip
524 1725 586 1751 um
603 1724 747 1751 nomen
759 1712 1003 1763 ignoremus,
1019 1721 1214 1750 res-tamen
1234 1724 1315 1750 non

67 1766 270 1805 videbatur
285 1766 394 1819 plane
409 1765 578 1805 obscura.
594 1765 780 1817 Παράπιον
791 1778 884 1817 ergo
896 1775 992 1815 puto
1005 1764 1095 1803 illud
1109 1763 1194 1808 esse.
1211 1764 1318 1816 quod

69 1819 160 1859 alias
178 1832 341 1859 vocatur
358 1820 546 1870 σιφέιριον,
572 1817 802 1871 supparum,
825 1818 954 1857 velum
973 1817 1116 1864 minus,
1140 1817 1318 1869 splendidi

68 1873 230 1919 coloris,
257 1874 391 1912 maiori
411 1872 647 1924 impositum,
671 1873 805 1924 quoin
819 1883 975 1924 portum
992 1870 1244 1910 Puteolanum
1259 1871 1320 1909 in·

69 1926 301 1966 vehentibus
312 1927 368 1966 uti
379 1925 516 1966 licebat
528 1925 616 1965 solis
629 1926 812 1972 navibus,
831 1936 874 1964 ut
890 1920 1074 1971 haecQst,
1095 1923 1320 1965 Alexandri-

65 1981 140 2026 nis.
161 1980 302 2020 Seneca
313 1993 371 2032 ep.
382 1993 434 2030 77
447 1993 504 2033 pr.
524 1980 643 2019 Subito
656 1980 750 2017 hodie
762 1980 856 2018 nobis
870 1979 1127 2016 Alexandrinae
1141 1992 1244 2016 naves
1259 1993 1321 2030 ap-

68 2046 257 2089 paruerunt
271 2056 315 2063 —
335 2034 458 2073 Omnis
471 2034 507 2072 in
513 2034 596 2085 pilis
608 2034 822 2072 Puteolorum
838 2034 935 2071 turba
951 2032 1114 2083 consistit,
1134 2031 1168 2069 δ’
1184 2047 1227 2070 ex
1243 2032 1319 2082 ipso

71 2102 184 2140 genere
200 2089 345 2127 velorum
358 2089 638 2132 Alexandrinas,
653 2088 806 2139 quamvis
817 2087 852 2125 1'71
864 2099 988 2137 magna
1004 2086 1101 2123 turba
1118 2086 1256 2123 navium
1271 2087 1323 2123 in·

73 2142 201 2194 telligit.
225 2141 319 2180 Solis
335 2143 420 2180 enim
438 2142 514 2179 licet
534 2140 737 2193 supparum
755 2141 936 2184 intendere,
959 2140 1053 2191 quod
1064 2140 1099 2177 in
1118 2139 1188 2177 alto
1209 2153 1321 2177 omnes

76 2196 198 2234 habent
211 2210 325 2234 naves.
350 2195 463 2233 Nulla
473 2195 557 2233 enim
570 2210 621 2233 res
632 2210 732 2247 aeque
745 2195 890 2233 adiuvat
902 2192 1035 2244 cursum
1046 2220 1057 2239 ‚
1071 2206 1172 2244 quam
1183 2192 1320 2243 summa

70 2263 155 2300 pars
166 2249 231 2288 veli
241 2264 258 2296 ,-
272 2249 365 2287 illinc
376 2250 521 2287 maxime
534 2248 636 2287 navis
648 2260 783 2298 urgetur·
795 2270 838 2277 -
855 2263 928 2286 cum
941 2247 1103 2284 intravere
1118 2247 1262 2296 Capreas
1273 2267 1316 2275 —-

75 2315 197 2342 ceterae
215 2303 291 2341 velo
311 2302 466 2341 iubentur
486 2302 548 2353 ff
570 2313 759 2341 contentae:
784 2300 988 2353 supparum
1009 2298 1323 2338 Alexandrinarum

74 2357 200 2408 infigne
207 2357 260 2409 est.
275 2355 474 2396 Convenit
488 2355 597 2395 color
609 2354 770 2406 suppari.
787 2352 934 2410 Seneca
946 2352 1079 2392 Medea
1092 2366 1129 2391 v.
1145 2364 1214 2403 325
1231 2363 1240 2390 :
1258 2352 1327 2390 Al-

78 2411 118 2448 bo
131 2411 312 2448 rubicunda
324 2421 466 2448 tremunt
472 2409 626 2460 suppara
639 2409 723 2447 velo.
743 2406 942 2447 Cd'nvenit
960 2405 1050 2445 situs
1062 2406 1101 2444 in
1115 2404 1196 2458 ipso
1211 2404 1302 2443 velo
1315 2434 1329 2450 ,

77 2463 186 2516 quod
204 2462 365 2502 declarat
385 2462 482 2501 idem
505 2462 613 2501 locus
636 2462 826 2508 Senecae,
845 2460 886 2500 δι
910 2459 973 2499 ille
993 2459 1086 2499 alter
1106 2458 1251 2499 Lucani
1272 2458 1327 2505 V,

78 2530 172 2569 429,
193 2517 395 2567 Summaque
408 2518 559 2569 pandens
570 2518 729 2569 Suppara
742 2516 885 2554 velorum
897 2543 908 2561 ‚
922 2523 964 2552 ut
977 2512 1036 2551 hic
1051 2511 1172 2551 ἱστίου
1191 2514 1235 2551 τὶ)
1248 2525 1326 2549 me.-

79 2570 218 2622 ρίισιον.
241 2571 404 2610 Videtur
424 2582 550 2611 autem
565 2571 656 2612 velo
676 2570 729 2609 ita
743 2567 850 2609 fuiffe
871 2565 1088 2660 imposiltum
1103 2595 1114 2615 ,
1138 2577 1179 2606 ut
1195 2576 1327 2605 anten-

1030 2634 1040 2658 ¹
1071 2633 1089 2671 3
