1783 3403
261 194 331 241 IN
366 195 452 242 DE
485 195 711 242 MORTE
745 194 1099 243 PEREGRINI.
1223 214 1307 262 573

48 287 149 327 tavit
162 296 270 340 pater
291 301 452 341 quoque
472 288 531 328 hic
551 287 810 328 coniecturam
823 288 978 328 liberam
1001 289 1040 328 &
1055 288 1244 329 indoftam
1257 291 1310 331 T.

48 341 191 389 Fabri,
216 342 255 381 δι
272 354 315 380 ut
331 343 379 380 ab
395 355 439 380 ea
453 354 670 390 caveretur,
692 341 792 381 iuffit
811 341 938 394 inspici
953 341 1153 382 Ciceronis
1175 345 1316 396 episto·

47 394 124 434 lam
142 395 188 433 acl
205 395 425 435 Lucceium.
454 395 498 433 In
523 395 664 435 schedis
685 397 835 435 notavit
858 396 1063 435 videndum
1078 395 1315 449 Scaligerum

49 447 88 487 in
104 447 256 488 Graeca
272 448 416 487 Eusebii
434 460 517 500 pag.
533 462 622 497 420.
647 449 814 488 Fabrum
839 450 1006 500 priorem
1031 449 1068 487 in
1091 450 1316 501 Agonistico

79 514 137 554 ag.
158 515 229 555 293
248 502 286 542 δι
303 517 389 555 294.
412 501 457 540 Et
473 503 559 541 sane
579 504 781 554 quomodo
795 503 988 543 latuerunt
1005 502 1064 541 illa
1080 502 1120 541 in
1137 515 1314 545 extremo

95 555 318 602 emonafle,
345 554 457 594 εἰπὼν
485 559 573 606 πρὶς
601 555 688 595 τοὺς·
712 555 904 608 παρέντας
932 558 997 596 τὸν
1023 555 1222 610 ἐναγώνιον
1244 558 1316 598 τῶν

50 609 210 659 κηρύκων
232 608 352 656 πόδα,
368 608 481 661 Λύγει
496 608 564 657 μὲν
582 608 687 662 ἀγὼν
699 608 770 648 τῶν
786 609 1005 648 καλλίστων
1020 608 1135 650 ἐιθλων
1149 611 1314 660 ταμίας,

50 663 183 712 Καιρὸς
202 660 246 700 s&
267 661 527 711 κοιλεῖμηκέτι
544 662 723 712 paemen-3
744 661 889 702 GRON.
912 663 1194 713 'omoecrcsquov
1209 663 1315 705 lovis

50 713 232 768 Olympii
259 713 366 754 fuisse
382 715 635 762 auditorium,
656 716 719 755 vel
737 728 785 755 ex
799 717 992 756 Herodoti
1008 716 1188 757 Lucianei
1212 719 1316 770 prin-

51 769 155 819 cipio
171 770 337 821 itemque
351 768 475 820 Fugit.
491 781 574 821 cap.
588 783 613 817 7
637 767 725 808 satis
741 781 907 821 apparet.
931 770 1014 809 Nec
1025 782 1122 823 ergo
1135 770 1291 811 dubium
1304 803 1318 821 ‚

51 833 286 874 praeconum
306 822 358 860 ibi
372 823 483 860 etiam
503 823 710 862 certamina
725 822 890 874 potuiffe
904 822 1052 864 institui.
1067 824 1184 877 Ἀγὼν
1199 826 1316 866 etiam

51 874 218 921 ὃτὸπος,
237 875 302 914 καὶ
316 877 360 915 τὶ
379 873 514 915 πλῆθος
528 875 600 914 τῶν
618 875 764 916 θεατῶν
776 876 876 928 apud
892 877 1074 928 antiquos
1087 877 1319 931 Lexicogra-

52 927 163 981 phos.
187 928 311 968 Porro
335 929 502 968 κατόπιν
524 942 604 968 tum
630 930 675 969 ad
695 930 825 969 locum
852 940 936 968 tum
962 932 1008 969 ad
1034 942 1186 984 tempus
1212 932 1316 984 poffe

52 980 203 1028 referri,
221 983 446 1022 tralaticium
467 982 531 1021 est.
555 982 691 1035 Itaque
707 985 780 1035 post
797 996 936 1034 agonem
954 999 1156 1037 praeconum
1175 984 1318 1038 signifi-

53 1046 137 1083 cat,
161 1036 249 1083 vel,
273 1036 473 1088 postquam
495 1048 688 1076 certarunt
707 1049 937 1090 praecones·‚
959 1038 1044 1085 vel,
1070 1038 1153 1090 post
1172 1038 1196 1077 s.
1212 1052 1316 1091 pone

53 1100 146 1128 eum
162 1089 292 1129 locum
306 1119 320 1136 ‚
342 1091 406 1130 ubi
425 1101 572 1129 certare
593 1089 726 1130 solent.
748 1091 888 1131 Utrum
913 1091 972 1131 hic
996 1093 1146 1140 verius,
1166 1093 1317 1134 difficile

54 1142 157 1182 dictu
173 1143 245 1190 est,
261 1145 302 1184 δι
315 1157 450 1196 parum
466 1144 511 1183 ad
533 1143 754 1183 sententiam
768 1143 893 1184 refert.
915 1143 1042 1184 stN.

108 1197 190 1236 ibid.
206 1195 366 1249 Κηρύκων
386 1196 560 1251 ἀγῶνος)
579 1198 671 1237 Νοη
693 1196 779 1237 satis
800 1197 910 1236 firma
925 1197 963 1237 &
981 1198 1121 1251 liquida
1140 1198 1189 1239 T.
1202 1199 1316 1240 Fabri

55 1251 311 1291 mihividetur
321 1252 563 1298 emendatio,
584 1262 628 1291 ut
641 1262 794 1303 recepta
817 1250 996 1304 scriptura
1016 1252 1101 1291 ideo
1121 1265 1316 1302 mutetur,

56 1306 235 1356 quamvis
250 1316 430 1356 corrupta
452 1304 525 1344 effe
545 1304 667 1358 poffir.
685 1304 874 1357 Integram
901 1306 1029 1357 itaque
1053 1319 1133 1345 rem
1157 1307 1235 1346 aliis
1257 1321 1317 1347 re-

58 1357 217 1410 linquo,
249 1359 284 1398 id
307 1370 457 1398 tantum
483 1360 724 1405 moniturus,
753 1359 792 1397 in
816 1357 1058 1410 inscriptione
1081 1372 1101 1397 a
1127 1358 1315 1401 Palmerio

56 1423 108 1451 ex
128 1412 284 1452 Polluce
301 1412 413 1452 allata
434 1412 636 1463 legendum
660 1412 781 1452 videri
796 1410 1055 1461 ἀναθήματα,
1079 1414 1184 1465 quod
1199 1414 1315 1466 longe

58 1465 106 1504 ad
123 1478 201 1505 rem
221 1467 368 1518 aptius,
392 1479 507 1519 quam
529 1465 821 1521 ἀνειέείγμαιτα.
845 1465 908 1505 De
932 1466 1138 1507 certamine
1154 1480 1315 1520 praeco·

57 1531 150 1559 num
167 1520 245 1560 vid.
259 1519 441 1559 Nostrum
455 1528 602 1569 Δημων.
617 1533 650 1560 c.
665 1523 728 1569 65.
752 1519 911 1559 SOLAN.

111 1574 192 1613 ibid.
207 1573 383 1628 Ἀγῶνος)
405 1574 525 1612 Τόπον
549 1574 660 1613 τινός.
689 1572 856 1614 GUYET.

62 1643 64 1645 ·
112 1631 187 1667 ead.
201 1628 224 1668 l.
246 1641 301 1676 ¹4·
323 1630 456 1678 Μαιρὰ
469 1626 635 1679 χαίρειν)
655 1627 737 1667 Cur
757 1628 832 1666 hoc
847 1625 1076 1680 praeferam,
1095 1627 1225 1668 vid.ad
1239 1628 1315 1668 Na-

61 1679 142 1733 vig.
155 1693 240 1733 cap.
257 1695 301 1727 2,
326 1681 441 1720 Rhet.
461 1680 586 1721 Praec.
598 1693 682 1734 cap.
703 1694 767 1730 10,
792 1681 858 1720 Bis
872 1680 1009 1720 Aecus.
1028 1693 1111 1734 cap.
1129 1695 1193 1727 21,
1212 1682 1313 1722 Gall.

60 1747 141 1788 cap.
166 1749 228 1788 23.
256 1734 402 1774 Rmz.

115 1789 190 1828 ead.
203 1789 227 1827 l.
249 1801 262 1826 1
274 1802 305 1841 5.
321 1788 423 1830 Πλὴν
437 1787 528 1828 τότε
541 1785 715 1827 τοσοῦτον
733 1784 946 1840 ἐπήκουσα)
971 1789 1067 1827 Tunc
1078 1803 1235 1841 magnum
1253 1790 1316 1829 hoc

59 1842 205 1890 audivi,
226 1842 405 1894 interpol.
427 1842 531 1895 quod
555 1843 753 1881 ridiculum
779 1842 816 1881 ἐς
839 1846 884 1880 τὸ
903 1856 1023 1893 ακρον.
1054 1842 1190 1894 Neque
1212 1845 1315 1882 enim

56 1897 140 1936 hoc
159 1895 248 1936 loco
259 1894 419 1935 τοσοῦτο
431 1910 587 1949 magnum
601 1897 663 1935 hoc
679 1895 879 1948 significat,
898 1898 939 1935 &
951 1896 1016 1948 qui
1029 1896 1079 1934 ita
1092 1895 1318 1945 existimant,

63 1961 137 1989 nae
150 1949 200 1989 illi
222 1949 321 1989 haud
335 1950 424 1990 dum
449 1951 563 1989 etiam
591 1950 710 1989 multa
725 1948 875 1989 Graece
895 1950 1079 2002 legerunt.
1105 1949 1211 2000 Quid
1226 1962 1315 1989 cum

63 2002 204 2044 Graeci
216 2003 361 2051 dicunt,
370 2001 544 2043 τοσαῦτα,
558 2002 668 2043 εἰπὼν
681 2003 893 2049 ἐπαύσατο,
906 2004 947 2042 δι
957 2034 969 2049 ,
986 2004 1047 2041 καὶ
1059 2018 1191 2042 ταυτα
1202 2018 1317 2043 storeae

64 2056 239 2109 ἐπέσχε,
257 2057 299 2097 &
313 2056 493 2097 τοσαῦτα,
512 2056 528 2096 ὃ
546 2055 738 2107 Κόμμοδος
757 2057 867 2095 εἰπὼν
880 2057 930 2096 εἰς
946 2057 1014 2096 τὴν
1026 2052 1141 2095 αὐλὴν
1158 2057 1318 2097 {memin-

65 2113 146 2158 θεν,
160 2111 199 2150 &
213 2110 364 2163 Ioseph.
378 2111 416 2150 in
432 2109 468 2150 II
481 2111 716 2164 ἀρχαιολογ.
739 2113 801 2149 κα.)
813 2111 990 2150 τοσούτου
1011 2110 1222 2160 δεησόμεθα
1241 2114 1315 2151 ἀς.

66 2163 136 2203 sub
151 2163 266 2204 finem
289 2177 373 2216 cap.
392 2178 406 2203 ι
420 2178 480 2213 11,
500 2166 700 2216 quomodo
716 2163 908 2203 verteres?
932 2164 1078 2204 Vidests
1091 2195 1102 2212 ‚
1122 2165 1215 2203 haec
1239 2178 1316 2204 una

67 2218 210 2258 vocula
224 2217 368 2258 sensum
382 2219 575 2270 pervertit.
605 2219 799 2257 Nimirum
820 2231 899 2257 non
923 2219 1243 2257 animadverterat
1263 2219 1320 2257 in-

67 2272 303 2324 terpolator,
322 2270 481 2312 τοσοῦτο
497 2273 548 2311 nil
563 2271 635 2312 effe
654 2272 755 2311 aliud
766 2272 803 2310 in
818 2271 1030 2311 huiusmodi
1050 2272 1230 2324 loquendi
1254 2285 1321 2325 ge-

68 2326 237 2375 neribus,
255 2339 368 2378 quam
385 2325 511 2365 τοῦτο.
531 2325 655 2365 Cuius
669 2326 722 2365 rei
735 2325 849 2377 pudet
864 2326 978 2365 citare
992 2325 1120 2373 teste53
1146 2337 1271 2364 tamen
1291 2325 1319 2364 st

63 2390 204 2428 vacat,
227 2380 286 2419 adi
307 2380 458 2420 Suidam
477 2379 774 2432 &Stephanum
801 2379 1046 2431 Interpretem
1063 2380 1238 2431 corrupit
1263 2381 1321 2417 in-

68 2434 294 2484 terpolator.
317 2433 476 2473 FABER.
501 2431 614 2472 Plane
629 2446 706 2472 non
731 2432 932 2472 neceffaria
944 2434 1126 2485 temporis
1146 2433 1208 2471 illa
1230 2431 1323 2470 defi-

70 2487 166 2528 nitio
176 2517 187 2538 ,
201 2487 395 2541 &opinor
407 2485 549 2541 scripsit
562 2487 662 2529 πλὴν
675 2486 770 2541 τόγε
783 2485 975 2529 τοσοῦτον.
985 2486 1045 2528 Sic
1059 2486 1160 2528 alibi.
1178 2486 1323 2527 GRON.
1354 2529 1358 2531 ,
