1835 3408
483 91 1549 185 4481ANNOTATIONES

483 220 546 249 tur
567 211 726 252 moviffe
738 243 751 260 ,
767 224 811 252 ut
827 213 1006 253 retineret
1031 212 1212 260 κίναιὸος,
1231 213 1272 252 δι
1292 214 1545 264 παιπάλημα
1567 213 1679 254 etiam
1693 213 1742 256 ad

482 264 717 304 obscoenum
745 265 891 306 sensum
913 264 1090 305 traheret.
1106 266 1191 306 Nos
1217 279 1297 306 non
1320 278 1397 306 tam
1425 266 1604 307 sententia
1625 268 1743 309 huius

485 318 561 357 loci
577 318 734 357 detinuit
745 347 755 365 ‚
777 332 892 370 quam
907 331 952 357 ea
968 318 1137 358 molestia
1149 349 1162 365 ,
1178 321 1285 371 quod
1301 332 1382 359 non
1403 332 1621 361 occurreret
1640 321 1744 361 Lati-

483 384 599 417 num,
623 372 737 424 idque
761 371 965 411 abstrufius
984 372 1100 424 paulo
1120 385 1286 418 nomen,
1307 373 1411 424 quod
1436 372 1489 422 τῷ
1510 373 1661 413 adraso:
1684 374 1743 414 sa-

482 425 532 463 tis
544 423 797 476 responderet.
818 427 958 477 Cercops
972 425 1147 463 veniebat
1162 426 1197 463 in
1213 437 1399 466 mentem:
1416 426 1475 466 sed
1499 427 1608 466 nimis
1629 428 1742 467 vide-

484 478 596 571 Igitur
620 478 684 517 vel
709 478 932 532 ambiguum
960 477 1025 518 vel
1047 479 1244 518 incertum.
1271 478 1403 532 ltaque
1431 481 1564 534 vulpem
1586 480 1742 522 retinui.

528 542 614 570 ESN.

539 585 617 622 ibid.
634 582 827 637 Kivoeas05)
848 582 990 624 Forsan
1015 583 1178 631 κίναὲος,
1200 584 1223 623 i.
1240 597 1274 624 e.
1294 583 1434 624 bellua.
1453 584 1622 638 Hesych.
1642 586 1745 626 κίναι-

485 637 566 685 805,
582 638 714 689 θηρίον,
733 637 827 687 ’όφηπ
846 638 946 677 Suid.
963 636 1129 676 Kimsoc·
1141 639 1221 677 πᾶν
1232 637 1301 687 μὲν
1320 639 1436 691 θηρίον
1448 638 1597 679 κίναδος
1616 638 1745 691 &21⁶5-

486 705 525 729 σι
547 689 765 730 καλεῖσθαι.
783 690 886 729 isim
909 689 954 729 δὲ
979 690 1048 730 τὴν
1072 691 1267 730 ἀλώπεκα.
1293 691 1496 746 κακοῦργος
1511 691 1558 732 ὦς
1579 692 1743 745 ἀλώπηξ

485 743 562 782 &c.
577 742 743 783 Guym.
760 742 1032 784 ConieRuram
1053 742 1204 795 Guyeti
1218 745 1324 784 iuvat
1337 745 1505 798 Alciphr.
1529 745 1603 792 111,
1626 745 1743 798 Epist.

486 795 564 841 28,
579 796 643 851 nbi
666 796 803 835 ancilla
823 797 902 836 heri
917 797 1173 849 graveolentis
1194 811 1344 837 amores
1366 798 1541 838 detestata
1563 799 1636 838 ait:
1661 799 1742 852 ἐγώ

486 864 530 889 σε
543 879 554 897 ,
577 852 603 888 ὠ
621 849 797 894 Γέβελλε,
817 850 970 900 στυγῶ,
986 848 1099 889 τοῦτο
1114 850 1182 900 μὲν
1200 850 1479 902 βὸελυττομένη
1495 855 1538 891 τὸ
1551 852 1661 903 βάρος
1674 851 1743 892 τοῦ

484 903 679 952 σώματος,
695 902 757 941 καὶ
781 901 904 954 ὥσπερ
927 917 967 942 τι
986 902 1140 942 niusa
1164 904 1430 954 ἐκτρεπομένου,
1453 917 1552 957 quae
1572 905 1742 957 Bergler.

487 957 606 995 vertit
619 985 633 1002 ‚
653 957 746 995 velue
755 957 902 1009 aliquam
915 968 1032 996 tetram
1049 957 1195 996 belluam
1212 958 1385 1006 aversans.
1400 959 1446 997 Et
1466 971 1485 998 a
1517 986 1525 997 .
1543 957 1744 1012 Aristoph-

483 1007 702 1059 frequenter
723 1009 819 1049 inter
840 1010 1017 1050 convicia
1036 1022 1258 1050 numeratur
1281 1009 1444 1051 κίναδος.
1465 972 1590 1064 (guod
1612 1011 1680 1051 etsi
1700 1013 1743 1052 &

485 1062 537 1102 ibi
556 1061 750 1103 Scholiast.
771 1063 907 1103 eodem
930 1063 1048 1103 modo
1075 1065 1256 1115 exponit,
1280 1077 1362 1115 quo
1384 1065 1489 1104 Suid.
1513 1075 1639 1104 tamen
1668 1078 1743 1119 pro

482 1116 657 1156 ἀλώπεκι
679 1115 912 1169 potiffimum
934 1117 1055 1157 eidem
1079 1118 1248 1170 ponitur.
1281 1116 1352 1157 Sed
1378 1118 1418 1158 δι
1446 1118 1656 1158 Lucianum
1678 1119 1744 1159 de-

484 1169 575 1210 diffe
597 1168 763 1218 nivasoe,
781 1171 872 1221 quia
895 1169 1070 1222 generale
1089 1170 1166 1210 hoc
1183 1181 1468 1218 veteratorum,
1495 1172 1536 1212 δι
1559 1171 1745 1212 scortato-

483 1236 570 1263 rum
595 1223 871 1275 opprobrium,
899 1236 978 1263 non
998 1222 1165 1263 absimile
1192 1237 1289 1264 vero
1316 1223 1387 1264 est:
1415 1235 1539 1277 neque
1570 1225 1656 1265 ideo
1679 1226 1743 1266 aio

481 1276 649 1317 κίναιδος
665 1277 765 1317 illico
780 1276 1091 1329 proscribendum
1107 1276 1204 1326 effe3
1225 1290 1362 1318 verum
1380 1278 1414 1317 id
1431 1275 1559 1318 forsan
1576 1290 1598 1318 a
1611 1290 1743 1319 recen-

485 1331 648 1370 tioribus
674 1329 801 1370 scribis
822 1329 1062 1382 profeemm,
1079 1331 1144 1383 qui
1167 1331 1243 1371 hoc
1271 1331 1394 1383 aptius
1415 1341 1614 1384 putarent,
1635 1333 1743 1386 quod

487 1396 578 1423 cum
603 1385 738 1424 Latino
762 1383 848 1423 hinc
873 1383 1042 1425 formato
1062 1385 1220 1424 cinaedus
1241 1386 1503 1433 conveniens,
1525 1385 1662 1426 melius
1682 1386 1744 1426 in-

486 1438 710 1490 telligerent.
734 1437 880 1476 REITZ.

536 1494 609 1531 ead.
624 1492 648 1530 l.
668 1490 704 1529 8.
727 1490 1012 1542 Παιπέιλημοι)
1035 1488 1204 1543 Hesych.
1227 1491 1497 1543 Ποιιπίιλημοι,
1516 1492 1688 1534 ποικίλος
1704 1491 1742 1534 ἐν

483 1544 616 1593 κακίᾳ..
639 1543 809 1584 GUYET.

535 1599 614 1637 ibid.
629 1596 822 1650 Ka'vaensos)
836 1595 980 1638 Forsan
996 1596 1159 1638 nivasoe.
1183 1597 1355 1639 Gunr.

538 1652 630 1702 Pag.
644 1650 707 1701 89.
720 1652 745 1691 l.
763 1663 795 1690 ι.
814 1646 1030 1705 Edpmism)
1042 1651 1168 1703 Eurip.
1180 1651 1319 1692 Bacch.
1331 1665 1371 1691 v.
1386 1649 1472 1705 385.
1485 1651 1643 1691 SOLAN.
1659 1652 1744 1692 Ho.

483 1705 542 1744 die
561 1704 612 1745 slc
634 1704 771 1756 legitur
787 1704 928 1744 Bacch.
945 1704 1016 1758 385
1034 1705 1109 1757 seq.
1121 1705 1333 1758 Ἀχαλίνων
1356 1705 1576 1755 στομάτων,
1590 1705 1743 1756 Ἀνόμου

482 1758 521 1798 τ’
535 1757 756 1810 ἀφροσύναις,
771 1761 817 1795 Tb
843 1757 954 1799 τέλος
977 1758 1193 1812 Συστυχίοι.
1216 1758 1267 1798 Et
1283 1758 1336 1799 fic
1357 1758 1532 1799 laudatur
1547 1759 1662 1800 etiam
1687 1758 1744 1801 su-

482 1825 549 1865 pra
564 1811 640 1850 Ἃλ.
662 1824 696 1850 c.
711 1825 745 1864 3.
763 1810 890 1850 GESN.

534 1865 614 1904 ibid.
628 1864 859 1918 Ἀχοιλίνωὴ
872 1864 974 1905 Gell.
989 1864 1027 1913 1,
1045 1877 1103 1917 15.
1124 1864 1285 1906 SOLAN.

749 2039 853 2083 IN
919 2037 1039 2085 DE
1105 2037 1422 2083 DOMO.

550 2122 637 2177 Pag.
659 2137 721 2178 90.
741 2126 766 2165 l.
793 2138 826 2164 1.
847 2128 946 2164 ΠΕΡΙ
968 2128 1062 2163 ΤΟΥ
1084 2123 1256 2177 ΟΙΚΟΤ)
1282 2121 1520 2176 Προσλοιλιέι.
1549 2123 1741 2165 Manem

480 2177 572 2219 Non
587 2190 707 2218 totam
722 2181 855 2219 domum
869 2178 943 2218 effe
953 2207 965 2227 ‚
983 2191 1082 2230 quae
1095 2177 1155 2231 hic
1173 2178 1363 2226 laudatur,
1376 2178 1398 2216 i.
1411 2190 1443 2216 e.
1463 2179 1559 2216 aedes
1572 2177 1740 2229 plurium

481 2233 722 2271 conclavium
737 2247 749 2279 3
767 2232 828 2272 sed
842 2244 948 2281 eam,
968 2245 1069 2284 quae
1089 2232 1246 2285 proprie
1259 2229 1353 2271 οἶκος
1372 2240 1565 2277 vocatur,
1583 2232 1740 2271 nomine

481 2285 593 2323 ctiam
609 2286 753 2325 Latinis
769 2297 919 2325 retento
932 2316 944 2334 ,
961 2300 1077 2333 oecus3
1096 2295 1181 2324 tota
1201 2284 1399 2338 descriptio
1424 2284 1608 2338 loquitur.
1621 2282 1740 2326 conf.

481 2338 664 2380 GronOV.
686 2339 730 2377 ad
752 2340 931 2392 Hippiam
956 2352 991 2379 c.
1008 2353 1038 2390 5.
1053 2338 1185 2380 GESN.

532 2394 608 2434 ead.
631 2392 656 2435 l.
681 2393 716 2436 6.
739 2392 840 2446 Νόσςο
863 2392 904 2436 ἣν
930 2392 1126 2446 ἐνόσησεν)
1151 2392 1209 2432 Ita
1228 2391 1268 2433 δε
1292 2390 1488 2445 Aristoph.
1509 2390 1590 2434 ΑΥ.
1611 2403 1649 2435 v-
1674 2401 1738 2444 31,
