1835 3408
469 179 558 239 236
766 175 1415 223 LUCIANI

467 292 675 341 παροντων
698 267 900 334 σκέψοιιο
923 276 956 320 εἰ
977 291 1067 336 ’γαρ
1088 260 1249 319 ὲλθων
1233 292 1252 318 ο
1275 265 1493 336 Πολέμων
1509 264 1619 339 (ngat
1638 289 1729 335 ‘you

467 346 639 404 πάντως
659 345 997 411 ἀποσεισάμενος
1015 367 1106 400 τους
1127 340 1384 436 γνωρίμους)
1401 344 1728 412 ἀναπυθόμενος,

466 420 564 492 εὕροι
591 446 654 474 τον
678 421 968 492 Φιλοστροοτον
999 417 1098 472 ἔνδον
1127 424 1232 483 παρ’
1257 422 1372 489 ἡμῖν,
1400 425 1444 471 τί
1459 421 1524 472 οἳει
1555 419 1733 481 ποιήσειν

466 497 613 557 αὐτόνς

542 589 671 625 HAN.
699 571 1046 643 Ἐξευρίσκωμεν,
1074 566 1108 621 ὦ
1128 566 1325 640 Δορκέις,
1355 572 1402 622 ἐκ
1420 568 1499 622 τῶν
1522 567 1732 642 παρόντιον

469 673 656 719 σωτηριον
693 670 780 699 ουτε
797 670 889 713 ’γαρ
906 670 1039 699 τουτον
1056 644 1332 737 ἀποπεμψαι
1352 643 1510 702 κοιλον,
1525 647 1732 698 τοολοιντον

468 748 656 789 ενοιγχος
675 723 909 777 ὃεὸωκοταη
928 747 1006 774 και
1021 722 1183 773 niam
1199 745 1370 792 εμπορον
1391 722 1508 776 ὄντα,
1528 745 1606 774 κοιι
1619 733 1734 773 πολ-

468 813 538 852 λοι
559 797 895 888 ὑγ-ισχνουμενον
927 821 1014 849 ουτε
1037 795 1289 865 Πολέμωνα
1314 821 1483 850 τοιουτον
1503 819 1729 857 εποινηκον-

468 898 548 930 τοο,
571 897 772 948 χρησιμον
793 900 854 944 μη
877 872 1238 962 παρωδεχεσθοοι
1261 869 1427 943 προσ-ἔτι
1452 896 1543 940 γοορ
1559 895 1637 924 και
1663 875 1733 937 ζη-

468 951 653 1008 λοτυπος
672 952 800 1005 ἐστιν,
819 948 860 1007 ος
881 973 956 1001 noea
980 972 1194 1039 πενομενος
1213 971 1271 1001 ετι
1284 987 1295 1004 ,
1316 947 1433 1000 πολυ
1451 949 1689 1020 ἀφορητος’
1672 961 1728 1009 ην·

468 1050 528 1080 νυν
551 1018 593 1077 ὃε
615 1032 659 1078 τί
676 1050 750 1077 ουκ
771 1021 820 1077 ἀν
840 1028 981 1082 ὲκεινος
1001 1048 1225 1086 ποιησειεν·
1215 1063 1226 1084 ‚

542 1117 693 1154 ΔΟΡΚ
723 1098 879 1155 'Ama
897 1124 974 1153 nota
994 1099 1319 1192 προσέρχεται.

542 1195 670 1230 ΠΑΝ.
695 1174 961 1247 Ἐκλυομοοι,
980 1184 1013 1229 ὠ
1026 1176 1256 1250 Δορκοος,
1239 1199 1322 1228 υπο
1345 1200 1413 1236 της
1434 1180 1639 1249 ἀπορίας,
1657 1198 1738 1227 nott

465 1251 614 1328 τρέμω.

543 1345 697 1383 ΔΟΡΚ.
719 1327 875 1382 Ἀλλοο
903 1353 980 1382 nou
1010 1327 1301 1400 Φιλοστροιτος
1327 1325 1619 1400 προσέρχεται.

544 1423 672 1460 HAN.
697 1408 777 1464 Τίς
797 1428 1015 1476 ’γενωμοιις
1037 1429 1131 1462 πως
1154 1405 1205 1456 ἄν
1223 1426 1280 1474 με
1299 1408 1322 1466 ἦ
1341 1426 1402 1470 γη
1424 1409 1657 1456 ›caramloc-
1646 1441 1659 1463 ‚

545 1500 644 1535 ΦΙΛ.
669 1483 734 1535 Τι
751 1486 793 1534 οὐ
815 1489 1005 1552 πίνομεν,
1026 1487 1058 1533 ὠ
1038 1478 1304 1544 Παννυχί·
1294 1518 1305 1540 ,
1339 1507 1341 1509 ·

468 1608 649 1649 omnibus
671 1608 869 1648 deliberes.
901 1607 940 1647 Si
968 1608 1069 1648 enim
1090 1607 1301 1647 adveniens
1326 1605 1488 1646 Polemo
1503 1636 1514 1654 ‚
1545 1603 1738 1658 (omnino

466 1671 642 1724 equidem
675 1671 827 1711 dimotis
861 1670 1108 1710 familiaribus
1131 1670 1291 1723 veniet)
1325 1667 1542 1716 resciverit,
1568 1668 1611 1708 δι
1638 1667 1740 1706 intus

467 1733 567 1786 apud
594 1746 666 1773 nos
688 1733 762 1773 effe
792 1731 1060 1773 philostratum
1084 1732 1302 1781 invenerit3
1327 1731 1420 1785 quid
1446 1729 1638 1770 facturum
1663 1727 1737 1769 effe

468 1794 681 1834 existimas?

520 1858 614 1897 Pan.
640 1857 911 1906 Invenimus,
935 1857 1109 1906 Dorcas,
1127 1869 1148 1897 e
1173 1869 1215 1897 re
1237 1855 1423 1910 praesenti
1443 1853 1641 1895 auxilium.
1659 1853 1738 1894 Ne·

465 1934 542 1975 que
565 1922 667 1961 enim
693 1922 882 1961 dimittere
901 1921 1004 1961 hunc
1032 1920 1235 1960 honestum
1261 1919 1336 1968 est,
1368 1918 1434 1972 qui
1459 1930 1582 1972 nuper
1602 1917 1736 1957 admo-

466 1983 557 2022 dum
580 1982 765 2022 talentum
792 1982 959 2030 dederit,
979 1992 1231 2021 mercatorem
1256 1981 1428 2034 alioquin
1447 1979 1489 2021 &
1507 1980 1626 2020 multa
1650 1978 1737 2032 pol-

465 2043 640 2084 licitum:
670 2056 796 2097 neque
822 2043 914 2083 utile
942 2055 1023 2083 non
1048 2043 1215 2096 recipere
1238 2041 1592 2082 redeuntemnhunc
1618 2039 1730 2080 Pole-

468 2119 637 2146 monem.
675 2105 833 2160 Insuper
856 2105 1067 2157 zelotypus
1097 2104 1150 2144 est
1165 2136 1176 2153 ,
1208 2106 1298 2159 qui,
1321 2119 1411 2146 cum
1434 2114 1564 2158 egeret
1592 2103 1738 2152 adhuc,

467 2166 579 2220 plane
602 2176 685 2207 erat
705 2166 971 2207 intolerabilis.
998 2166 1081 2206 Iam
1106 2179 1206 2207 vero
1225 2166 1317 2220 quid
1337 2179 1419 2207 non
1437 2166 1505 2206 iste
1530 2164 1694 2206 audeat?

523 2229 634 2269 Dorc.
661 2229 733 2269 Sed
756 2229 912 2270 accedit.

523 2292 617 2330 Pan.
628 2290 785 2331 Deficio
797 2291 926 2336 animi,
938 2290 1106 2340 Dorcas,
1122 2304 1211 2344 prae
1227 2290 1375 2332 confilii
1387 2289 1530 2344 inopia,
1545 2289 1588 2330 δι
1598 2299 1736 2330 tremo.

523 2354 633 2392 Dorc.
658 2353 810 2391 Verum
841 2352 957 2392 etiam
983 2352 1128 2391 accedit
1150 2351 1408 2391 Philostratus.

523 2415 616 2453 Pan.
641 2414 750 2467 Quid
775 2428 836 2454 me
859 2414 951 2455 fiet?
974 2413 1084 2466 Quid
1104 2413 1132 2452 s1
1157 2423 1259 2453 terra
1276 2412 1370 2452 mihi
1391 2411 1576 2457 dehiscat!

525 2476 620 2518 Plzil.
648 2476 730 2517 Cur
751 2489 831 2517 non
854 2487 1058 2531 potamus,
1081 2489 1166 2517 mea
1185 2474 1440 2528 Pannychis?
