1783 3403
1262 247 1348 309 361

86 492 1354 566 ANNOTATIONES

292 786 365 833 IN
401 784 731 836 ADVERSUS
765 787 1132 838 INDOCTUMi

133 923 224 978 Pag.
239 937 272 963 2.
287 923 311 961 I.
326 937 364 973 4.
379 923 470 964 Τοὺς
483 924 593 978 σέας)
609 924 645 964 Εἰ
659 923 712 975 μὴ
728 924 787 970 τῶ
803 924 1087 976 διαβεβρῶσθαι
1104 925 1169 965 καὶ
1182 940 1350 966 xantus..

79 975 218 1027 κόφθαι
245 974 349 1017 αὐτὰ.
370 978 606 1030 τεκμαίροιο,
637 978 700 1016 καὶ
720 979 950 1029 συμβούλους
968 979 1055 1020 τοὺς
1076 979 1168 1019 σέας
1195 980 1261 1019 ἐπὶ
1284 982 1351 1020 τὴν

77 1031 255 1083 ἐξέτασιν
279 1032 631 1084 παραλαμβάνεις5
662 1032 916 1073 Βεηεάἰξὶυεε
944 1033 1026 1085 Ntfi
1049 1033 1125 1073 inde
1157 1035 1317 1074 coniicias
1337 1066 1348 1083 ‚

75 1089 169 1138 quod
183 1088 372 1137 arrofistnt
387 1102 430 1125 ac
445 1087 576 1132 mutilz',
593 1086 765 1139 tineafilue
784 1087 837 1125 his
863 1088 1091 1126 diiudicandis
1117 1089 1152 1127 in
1173 1089 1347 1140 confilium

78 1141 268 1180 adhibeas?
291 1141 433 1186 Miror,
450 1139 526 1180 hoc
550 1140 634 1180 vitii
656 1141 812 1180 tolerari
836 1141 875 1179 in
899 1142 1077 1181 omnibus
1101 1142 1348 1182 editionibus

77 1193 201 1246 Atqui
222 1193 308 1233 σέες
330 1207 409 1234 ηοη
437 1193 523 1233 sunt
542 1195 666 1242 tineae,
689 1196 748 1234 sed
771 1193 894 1234 σιῖτες.
920 1195 1019 1234 Nam
1041 1197 1146 1248 quod
1173 1197 1348 1236 nonnulli

77 1248 211 1296 aiunt,
242 1247 331 1287 σεὺς
356 1260 516 1303 quoque
548 1249 729 1297 inveniri,
756 1247 883 1288 saltem
914 1249 951 1287 in
976 1248 1123 1289 casibus
1155 1251 1348 1302 obliquis,

74 1299 273 1348 falluntur,
294 1302 334 1341 δι
355 1302 533 1341 videntur
553 1302 737 1342 hocloco
751 1314 940 1355 corrupto
953 1302 1028 1342 effe
1049 1304 1208 1355 decepti.
1232 1304 1347 1344 Glos-

73 1354 135 1394 sae
150 1366 320 1396 veteres:
335 1355 423 1405 Σὴς,
439 1356 458 1395 ἦ
475 1354 606 1406 σῆψις,
627 1358 709 1396 haec
734 1356 846 1402 tinea,
868 1357 994 1410 robigo.
1009 1356 1053 1395 In
1074 1357 1268 1396 Addendis
1283 1359 1347 1397 ad-

71 1408 217 1448 iecerat
241 1409 412 1450 GRAEv.
437 1409 628 1450 Occurrit
658 1410 750 1451 σέων
775 1423 860 1464 gen.
896 1410 997 1463 plur.
1023 1411 1123 1463 apud
1148 1411 1345 1464 Aristoplu

70 1462 113 1502 in
137 1462 291 1514 Lyfistr.
313 1478 352 1503 v.
372 1478 465 1517 731,
490 1464 556 1503 ubi
579 1464 700 1504 σητῶν
718 1477 783 1516 per
809 1463 959 1503 versum
981 1464 1078 1504 stare
1104 1478 1184 1504 non
1210 1466 1344 1518 potest.

70 1517 256 1558 KUSTER.
269 1517 433 1557 Parvula
447 1531 551 1564 vox,
568 1519 716 1570 parvuli
734 1518 907 1557 animalis
926 1531 1090 1565 nomen,
1108 1517 1268 1559 offendit
1284 1520 1344 1560 hic

70 1583 256 1624 magnum
279 1572 518 1613 Graevium:
546 1573 586 1612 δι
609 1571 823 1613 ostenderat
851 1572 887 1612 se
909 1586 993 1612 eam
1019 1574 1199 1626 ignorare
1229 1574 1343 1614 etiam

71 1624 220 1667 Bisetus
232 1625 280 1666 ad
291 1625 485 1679 Aristoph.
504 1626 656 1678 Lyfistr.
676 1640 723 1679 73
736 1640 768 1675 ι,
789 1626 855 1665 ubi
877 1625 962 1666 sunt
977 1624 1054 1678 ἔρισι
1069 1623 1140 1665 ὑπὸ
1157 1627 1231 1667 τῶν
1252 1629 1344 1668 σέων

70 1679 424 1730 κατακοπτόμενα,
439 1693 520 1733 quo
541 1680 624 1733 ipso
639 1681 762 1720 verbo
780 1681 892 1720 etiam
914 1681 1108 1721 Lucianus
1128 1681 1187 1720 hic
1208 1682 1342 1722 utitur.

72 1732 245 1773 Reduxit
259 1746 468 1787 utrumque
484 1735 521 1773 in
537 1735 640 1774 viam
654 1734 841 1774 Kusterus
861 1736 907 1774 ad
927 1735 950 1774 l.
971 1748 1004 1775 c.
1020 1735 1165 1776 Bisetus
1183 1736 1242 1775 hic
1257 1736 1343 1789 post

72 1787 198 1828 Schol.
217 1788 376 1828 Hesiodi
401 1789 496 1842 ’Ep-y.
517 1784 605 1838 420⁹
618 1789 772 1841 collegit
794 1789 1028 1829 vermiculos
1053 1790 1149 1828 varii
1169 1791 1317 1842 generis
1331 1821 1344 1838 ,

72 1840 368 1893 monosyllabos
390 1842 617 1895 plerosque,
640 1843 938 1895 suaequemque
955 1845 1135 1883 materiae
1159 1843 1285 1883 hostes
1302 1845 1342 1883 &

71 1895 337 1937 destructores.
363 1897 512 1948 Nempe
533 1898 637 1937 lanas
658 1898 698 1936 &
725 1897 845 1936 vestes
874 1898 990 1949 perdit
1015 1897 1099 1944 σὴς,
1120 1896 1195 1949 ὃὴξ
1218 1898 1342 1950 ligna,

73 1962 221 1992 cornua
247 1949 297 2002 M„
316 1982 328 1999 ,
349 1951 482 1990 vineas
512 1949 573 2002 ἶξ,
597 1951 695 2004 τρὼξ
724 1951 937 2003 legumina,
962 1950 1058 1991 ficus
1083 1950 1169 2002 ψῇν.
1193 1951 1341 1991 Omiffa

71 2003 166 2055 59}ss
193 2004 301 2057 lignis
323 2002 454 2046 infesta
470 2035 480 2052 ,
507 2005 592 2055 σὴψ
616 2006 789 2045 carnium
813 2006 991 2044 vivarum
1015 2005 1222 2058 pernicies,
1246 2006 1341 2050 haec

70 2058 186 2098 credo
199 2089 211 2105 ‚
227 2059 335 2111 quod
356 2071 435 2098 non
453 2058 633 2113 infectum
647 2090 659 2105 ‚
679 2059 739 2099 sed
756 2060 875 2098 maior
888 2059 1050 2111 serpens,
1067 2059 1197 2099 GESN.

123 2113 204 2151 ibid.
226 2113 575 2165 Παραλαμβάνεις)
595 2112 927 2165 Παραλαμβέινοις.
950 2113 1122 2154 GUYET.
1145 2112 1341 2153 Adscisce³

70 2179 151 2207 rem
165 2197 176 2214 ‚
198 2166 225 2205 sl
240 2168 304 2206 vel
325 2180 403 2206 una
418 2168 475 2206 ed.
493 2168 668 2220 praeiret.
684 2168 828 2207 Rmz.

126 2223 200 2260 ead.
212 2220 236 2260 l.
255 2235 292 2271 7.
307 2220 504 2275 Καλλῖνος)
529 2222 688 2261 Nobiles
709 2222 809 2262 illius
831 2220 961 2263 aetatis
982 2221 1146 2269 librarii3
1168 2231 1271 2260 certe
1294 2231 1338 2260 ut

71 2275 258 2314 vivorum
284 2275 489 2316 meminisse
513 2276 676 2315 videtur.
695 2275 758 2316 De
779 2276 857 2315 alio
878 2274 1031 2318 Callino
1054 2275 1213 2327 legimus
1236 2274 1338 2328 apud

72 2329 192 2423 Digg.
211 2329 337 2369 [εὸτι.
354 2330 392 2369 in
403 2328 656 2383 Theophrast.
671 2343 753 2383 pag.
771 2330 843 2370 126
864 2329 909 2368 E.
928 2331 970 2370 δι
983 2330 1146 2381 Lycone
1159 2341 1244 2382 pag.
1260 2342 1331 2382 131

71 2383 112 2424 B.
156 2393 286 2424 οιΑΝ.

124 2439 205 2476 ibid.
218 2437 412 2491 Ἀττικδς)
425 2436 542 2479 Conf.
557 2436 639 2477 infr.
652 2451 684 2478 c.
707 2451 767 2486 24.
779 2436 900 2490 Supra
915 2437 1025 2477 Σκυθ.
1042 2450 1079 2481 ε,
1093 2451 1129 2486 7.
1145 2437 1307 2478 SOLAN.

127 2492 217 2543 Pag.
234 2507 268 2544 3.
283 2493 307 2531 l.
321 2492 358 2532 6.
374 2491 526 2545 Κλῶνα)
539 2493 642 2531 Vide
656 2492 866 2532 Hesiodum
878 2498 991 2546 Θεογ.
1008 2505 1069 2546 30.
1081 2491 1239 2531 SOLAN.

123 2546 203 2587 ibid.
213 2545 254 2586 ‘0
266 2546 404 2599 ποιμὴν
416 2545 569 2597 ἐκεῖνος)
582 2545 771 2587 Hesiodus
783 2546 936 2599 Theog.
948 2561 989 2588 v.
1006 2560 1055 2600 29
1066 2545 1140 2605 seq.
1154 2546 1199 2586 ad
1215 2558 1331 2600 quem
