1783 3403
384 258 713 307 ADVERSUS
748 258 1114 307 INDOCTUM.
1347 274 1372 326 ς

108 345 243 422 «9ης,
220 380 243 415 η
264 352 596 419 ξυγκολλησας,
619 377 696 405 και
721 353 1089 434 περιβαλλόμενος
1114 359 1368 443 περινοσ-τῖιςς

41 483 43 486 .
107 434 278 490 πίθηκος
293 452 384 496 ’γαρ
409 433 427 480 ὁ
452 431 681 488 πίθηκος,
661 454 683 489 η
707 435 920 499 παροιμίαι
945 434 1078 489 Gna-1,
1103 452 1186 500 καν
1204 452 1371 500 xpus-eoa

111 503 190 571 ἔχη
215 503 445 574 σύμβολα.
471 528 548 556 και
577 528 632 554 cru
661 510 781 556 τοίνυν
809 505 987 565 βιβλιον
1013 526 1089 574 μεν
1114 501 1227 567 ἔχεις
1259 507 1294 556 ἔν
1322 529 1370 568 τη

108 603 238 671 χειρι,
268 604 343 632 και
373 578 717 645 ἀναγιγνωσκεις
745 584 826 631 ἀεί·
856 603 934 631 των
965 571 1009 630 δε
1037 584 1370 644 ἀναγιγνωσκο-

109 653 239 727 με’νων
265 656 406 708 oio-900
433 647 561 710 οὐδεν,
590 659 701 706 ἀλλ’
725 679 803 712 ονος
830 653 963 724 λυρας
990 653 1153 712 ἀκούεις
1177 679 1293 707 κινων
1311 678 1370 707 τα

109 737 217 784 aava.
238 733 293 789 ὡς
312 734 400 796 εἴγε
419 755 462 782 το
483 728 793 790 κεκτῆσθαι
751 754 809 782 τα
827 732 1021 792 βιβλία,
1037 754 1114 782 και
1136 732 1369 782 πεπαιδευ-

106 829 225 878 μενον
249 804 466 869 οισι-ἔφαινε
493 830 558 858 τον
576 829 751 869 εχοντα,
777 819 949 858 πολλου
971 802 1022 858 ἂν
1050 830 1104 864 ως
1129 806 1297 867 αληθως
1323 831 1370 857 το

108 906 258 952 κτημα
269 908 310 944 ην
323 882 450 945 ἄξιον,
466 905 542 934 και
561 906 691 950 μονων
706 881 822 950 ὐμων
838 906 917 934 των
928 888 1156 938 πλουσίων,
1173 905 1205 933 ει
1226 905 1369 934 ωσ-πεο

108 959 196 1022 ἒξ’
173 982 337 1032 αγορας
355 964 396 1019 ἡν
406 958 662 1043 πρίασθαι,
690 982 781 1016 τους
800 955 977 1018 πένητας
1003 960 1119 1026 ἡμας
1139 958 1369 1029 ὑπερβαλ-

109 1047 272 1092 λοντας.
300 1039 361 1093 τίς
386 1026 430 1085 δε
454 1059 535 1092 τοις
562 1033 773 1106 ἒμποροις,
796 1057 873 1085 και
897 1057 978 1091 τοις
997 1032 1370 1095 βιβλιοκαπηλοις

111 1133 241 1182 „pao-ev
266 1135 317 1163 αν
339 1133 431 1182 περι
456 1111 681 1167 παιδείας,
706 1133 899 1161 τοο-αυτα
923 1107 1146 1170 βιβλία
1121 1133 1265 1172 εχουσι
1291 1132 1368 1162 και

112 1200 351 1246 πωλουο-ινς
375 1190 485 1237 αλλ’
500 1187 587 1251 εἴγε
604 1182 838 1251 διελεγχειν
856 1182 1065 1243 εθελοις,’
1037 1185 1133 1249 odaei
1149 1187 1278 1254 μηδ”
1268 1191 1369 1237 εκειί

111 1284 198 1321 νους
221 1259 340 1314 πολύ
358 1285 433 1313 σ-ου
450 1285 511 1314 τα
531 1265 570 1319 ἐς
587 1263 824 1314 misenus
802 1267 1011 1332 αμείνους,
1034 1259 1168 1312 αλλα
1186 1262 1369 1333 βαρβα-

107 1361 196 1411 ponc
228 1360 302 1408 μεν
333 1361 402 1399 την
431 1331 589 1400 φωνην,
616 1360 758 1404 ωσπερ
778 1362 856 1394 συ,
877 1335 1089 1400 αξυνετους
1112 1330 1156 1388 δε
1180 1340 1229 1402 τῇ
1260 1337 1370 1402 ssai-

110 1436 190 1470 σει,
210 1414 308 1472 οἳους
325 1436 431 1471 εικος
450 1413 550 1466 εἶναι
567 1437 658 1471 τους
675 1406 803 1502 μηδεν
821 1438 898 1465 των
917 1427 1066 1465 καλων
1087 1436 1164 1465 και
1185 1436 1371 1484 αισχοων

110 1489 467 1562 καθεωρακότας.
501 1496 639 1542 καίτοι
667 1509 721 1540 συ
749 1512 825 1560 μεν
854 1483 967 1540 δυο
944 1515 966 1551 η
991 1496 1085 1563 τρία
1109 1494 1214 1558 παρ’
1235 1488 1372 1542 αὑτων

106 1622 299 1664 substratis
320 1624 390 1663 tibi
413 1624 644 1671 indormias,
669 1634 736 1664 aut
758 1636 803 1663 ea
825 1623 896 1663 tibi
917 1622 1151 1676 agglutinata
1173 1623 1238 1664 vel
1261 1623 1374 1664 vestis

106 1687 224 1732 instar
250 1687 521 1742 circumpofita
552 1687 812 1728 circumferas.
851 1688 960 1726 Simia
987 1688 1071 1726 enim
1091 1687 1194 1739 fimia
1224 1689 1286 1741 est,
1323 1687 1376 1726 ait

106 1750 383 1803 proverbium,
406 1751 536 1802 etiamst
555 1765 657 1789 aurea
683 1752 781 1803 gestet
805 1750 999 1801 crepundia.
1034 1750 1157 1789 Etiam
1188 1761 1230 1789 tu
1259 1749 1373 1802 igitur

105 1810 246 1850 librum
268 1811 423 1863 quidem
443 1812 559 1851 habes
577 1813 614 1851 in
631 1824 767 1858 manu,
787 1811 827 1850 δι
846 1810 942 1864 legis
962 1811 1131 1865 semper:
1153 1824 1290 1851 eorum
1306 1824 1372 1850 ve-

106 1885 178 1919 ro,
200 1886 299 1926 quae
318 1873 412 1926 legis
426 1904 439 1920 ,
471 1873 539 1914 scis
558 1874 676 1923 nihil,
699 1873 760 1914 sed
776 1872 899 1913 afinus
920 1874 1048 1926 lyram
1073 1874 1179 1913 audis
1205 1886 1370 1913 movens

108 1934 312 1977 auriculas.
347 1935 447 1974 Nam
473 1935 501 1976 fi
528 1936 722 1975 eruditum
751 1935 922 1975 redderet
955 1935 1154 1975 dominum
1184 1934 1375 1976 librorum

109 1995 310 2049 poffeffio,
328 1998 525 2050 quantivis
548 2009 650 2037 certe
673 1997 735 2036 illa
752 1995 927 2050 poffeffio
956 1998 1067 2050 pretii
1094 1996 1184 2036 effer
1198 2027 1211 2042 ,
1235 1997 1277 2036 &
1307 2010 1377 2036 ve-

110 2056 227 2097 strum
246 2057 417 2098 solorum
429 2089 440 2106 ,
458 2060 524 2112 qui
547 2058 634 2099 estis
653 2059 812 2106 divites;
831 2057 858 2097 sl
879 2071 1018 2112 nempe
1031 2059 1140 2098 velut
1161 2059 1205 2097 de
1224 2057 1312 2098 foro
1331 2058 1377 2097 li-

109 2129 215 2159 ceret
236 2132 365 2160 emere
377 2150 388 2168 ,
404 2131 522 2174 atque
537 2133 724 2174 pauperes
748 2132 819 2160 nos
833 2119 1021 2172 superare.
1045 2119 1151 2171 Quis
1168 2132 1266 2158 vero
1283 2132 1375 2158 cum

111 2181 413 2228 mercatoribus,
435 2194 479 2221 ac
502 2181 721 2235 bibliopolis
735 2182 781 2221 de
797 2182 1011 2221 eruditione
1033 2181 1301 2228 contenderet,
1317 2190 1378 2220 tot

111 2239 231 2280 libros
249 2241 478 2281 habentibus
499 2241 857 2295 vendentibusque?
881 2244 1029 2283 Verum
1052 2241 1080 2281 s1
1101 2242 1270 2282 volueris
1290 2255 1380 2281 exa·

109 2302 278 2351 minare3
297 2303 462 2351 videbis,
482 2317 607 2357 neque
624 2305 709 2344 illos
723 2305 887 2345 multum
900 2335 912 2354 ‚
925 2318 1042 2359 quam
1056 2314 1101 2345 tu
1122 2317 1182 2353 es,
1197 2304 1380 2344 eruditio·-

109 2375 161 2403 ne
177 2363 468 2417 praestantiores
483 2396 495 2414 ‚
516 2364 577 2407 sed
597 2365 730 2419 lingua
753 2367 957 2413 barbaros,
978 2367 1088 2406 velut
1113 2380 1169 2412 te,
1196 2367 1235 2406 &
1258 2378 1381 2418 quan-

110 2434 193 2464 tum
213 2425 259 2466 ad
283 2427 547 2479 cognitionem
567 2428 656 2467 nihil
676 2428 950 2481 intelligentes;
970 2428 1102 2481 quales
1124 2427 1199 2468 effe
1218 2427 1382 2467 credibi-

110 2484 147 2524 le
167 2484 244 2534 est,
269 2486 338 2539 qui
360 2485 451 2525 nihil
478 2486 542 2525 vel
567 2487 740 2539 turpium
766 2487 831 2527 vel
855 2486 1104 2527 honestorum
1136 2485 1383 2539 perspiciunt.

110 2545 369 2604 Quamquam
388 2558 431 2592 tu
452 2547 550 2592 duos
563 2546 667 2601 forte
689 2559 755 2591 aut
778 2559 855 2590 tres
874 2549 977 2590 libros
997 2548 1046 2590 ab
1065 2547 1137 2587 illis
1156 2546 1241 2601 ipsis
1255 2557 1384 2590 emtos
