1835 3408
424 75 515 137 586
618 74 1494 124 ANNOTATIONES

422 161 488 200 vel
511 161 724 211 intelle&o‚
747 174 897 203 tantum
922 164 1054 204 locum
1081 164 1219 204 habere
1245 163 1405 204 alterum
1433 165 1538 204 iilum
1565 163 1691 204 nomi&

423 215 623 261 nativum,
649 217 802 256 volunt.
827 217 881 257 At
902 218 942 256 in
964 217 1139 270 quibusd.
1161 218 1279 257 modo
1294 219 1553 265 nominativo,
1571 219 1693 258 modo

424 267 585 309 accusat.
605 271 724 310 utitur
747 271 911 318 Noster,
933 284 999 318 ut,
1020 270 1121 321 μόνῳ
1144 271 1197 322 τῷ
1215 272 1416 311 secors-nir
1435 268 1528 311 εἶναι
1553 271 1692 318 ἓοκεῖν,

423 323 465 360 in
487 323 550 362 Bis
572 324 707 364 Aecus.
724 337 810 376 cap.
833 339 853 362 2
876 324 900 364 f.
924 325 1077 365 Contra
1098 338 1222 371 vero,
1247 324 1357 364 sone?
1376 339 1432 364 σοι
1460 322 1551 365 εἶναι
1568 338 1692 364 πολυ-

425 379 712 429 πραγμοσύνην.
733 379 775 416 In
797 377 945 418 Parastt.
965 392 997 419 c.
1019 393 1049 432 5.
1073 379 1327 419 Nominativo
1347 378 1487 429 Polyb.
1512 383 1691 431 (notante

425 429 550 469 lentio
569 432 607 469 in
624 445 742 484 marg.
755 431 855 471 Le&
872 432 1049 484 Lucian.)
1064 446 1146 485 pag.
1161 436 1236 485 655
1261 433 1318 472 ed.
1334 433 1444 485 Amst.
1462 432 1692 482 ἐπισφαλῶς

426 479 551 537 εἶχον,
574 484 644 523 «Γιὲι
665 488 709 524 τὸ
733 487 872 539 γυμνοὶ
894 485 1126 526 κινδυνεύειν.
1160 487 1208 526 Et
1233 486 1283 526 sic
1310 500 1345 538 p.
1373 499 1495 537 14343
1519 499 1589 526 nec
1615 498 1695 526 non

429 551 465 590 p.
485 539 557 590 963
572 568 583 585 ,
608 537 764 589 ἑτοίμως
787 537 893 591 εἶχον
908 543 999 590 πρὸς
1015 541 1057 578 τὶ)
1078 540 1130 589 μὴ
1146 541 1223 579 τοῖς
1237 539 1380 592 ἐχθροῖς
1401 539 1613 593 ὑποχείριοι
1627 553 1698 593 γε·

429 591 577 632 memmi.
603 594 655 630 At
670 594 710 632 in
731 594 786 632 his
806 594 981 645 polybii,
1004 595 1189 633 nominat.
1216 593 1399 646 personae
1423 593 1633 645 praecedit,
1651 592 1698 633 ad

429 658 545 696 quem
571 647 684 684 etiam
715 645 845 686 referri
874 649 1020 686 dicetur
1047 649 1177 697 aliquo
1201 649 1320 687 modo
1349 648 1612 687 nominativus
1637 646 1698 687 se-

430 712 567 750 quens.
592 699 789 739 Vitiosum
809 713 936 740 autem
962 701 1035 741 effe
1059 703 1256 753 vulgatum
1281 701 1389 739 ἀλλὰ
1411 700 1616 753 κακοῦργοί
1638 715 1700 740 τι·

433 767 491 792 ιἐς
509 754 582 802 φῂς
598 751 717 798 εἶναι,
734 777 778 784 -
803 755 869 793 καὶ
894 757 1140 807 μοιχεύουσι,
1167 756 1298 795 docuit
1322 754 1414 794 lens.
1442 755 1481 793 in
1505 754 1700 795 Prometh.

435 806 483 846 T.
503 806 544 853 Ι,
573 819 607 846 c.
637 810 681 846 16
698 820 753 859 pr,
779 809 868 860 (qui
892 810 1009 848 multa
1035 810 1080 848 de
1101 809 1278 848 infinitivi
1299 808 1482 848 struetura
1496 839 1507 856 ‚
1527 809 1565 847 in
1579 808 1700 848 Leffl.

432 860 589 900 Lucian.
615 875 652 913 p.
673 876 723 912 72
742 885 785 891 —
802 861 885 915 83.)
905 863 1123 902 assentiente
1147 861 1458 909 Hemsterhufio‚
1481 875 1551 902 nec
1573 873 1701 902 tamen

433 916 588 957 omnia,
619 916 673 953 ob
696 917 848 955 nimiam
875 918 1053 968 copiam,
1083 916 1296 963 inserente,
1320 917 1360 956 δι
1387 915 1522 956 frustra
1544 917 1698 967 impro-

434 968 550 1007 bante
573 968 749 1009 Gesnero
774 971 818 1008 ad
837 970 1045 1024 Philopatr.
1063 984 1150 1009 nam
1176 984 1255 1010 non
1280 970 1398 1010 modo
1413 968 1616 1023 κακοῦργοί
1636 985 1704 1009 τι-

433 1036 492 1061 νες
516 1022 750 1075 improbarat
765 1024 922 1072 Ienfius,
939 1038 1005 1077 per
1019 1024 1070 1070 se,
1084 1023 1145 1064 sed
1167 1025 1238 1065 εἰσὶ
1255 1037 1326 1077 pro
1345 1019 1439 1064 εἶναι
1455 1023 1618 1076 requiri,
1637 1023 1706 1063 be-

435 1089 484 1115 ne
500 1088 703 1116 monuerat
716 1107 726 1122 ,
751 1091 909 1129 propter
928 1079 1030 1118 illico
1051 1079 1270 1120 adiuuetum
1297 1078 1362 1117 καὶ
1377 1077 1624 1128 μοιχεύουσι,
1639 1077 1706 1117 καὶ

435 1128 648 1180 ’πολεμοῦσι
675 1131 748 1171 ἃς.
777 1131 847 1172 Sed
869 1133 1035 1172 Homeri
1053 1132 1162 1173 locus
1187 1132 1230 1173 11.
1256 1137 1303 1178 B,
1327 1144 1424 1186 350,
1441 1144 1558 1184 quem
1584 1130 1702 1172 Gesn.

436 1183 562 1231 affert,
580 1185 644 1224 ubi
657 1185 755 1236 φημὶ
769 1185 1003 1227 κατανεῦσαι
1019 1209 1064 1217 —-
1079 1185 1253 1237 Κρονίωνα
1267 1186 1514 1238 Ἀστρέιπτων
1523 1185 1599 1225 &c.
1615 1185 1707 1225 huic

437 1237 570 1278 nostro
596 1239 811 1292 Fugitivor.
834 1241 1035 1294 probando
1056 1241 1266 1287 convenit,
1286 1252 1408 1293 aeque
1434 1252 1478 1279 ac
1503 1238 1600 1278 infra
1623 1237 1709 1278 Phi-

437 1292 575 1344 lopatr.
588 1306 620 1331 c.
634 1308 676 1342 4,
689 1291 779 1333 ἀλλ’
794 1293 1116 1347 ὑποβεβρεγμένος
1130 1294 1389 1334 accesseram«.
1407 1293 1460 1332 At
1473 1293 1579 1346 quod
1591 1292 1708 1334 Gesn.

438 1348 553 1385 etiam
573 1345 685 1386 affert
709 1361 756 1387 ex
771 1347 875 1387 Dial.
898 1349 1040 1388 Marin.
1054 1348 1133 1395 IX,
1157 1348 1277 1388 σῶσαι
1295 1346 1419 1388 Setia-et
1433 1349 1709 1400 χαρισάμενος,

439 1401 477 1439 id
497 1400 569 1438 iam
598 1401 688 1439 nihil
708 1402 870 1451 probat;
894 1415 981 1442 nam
1003 1403 1286 1457 χαρισαμένους
1312 1415 1361 1440 ex
1379 1400 1502 1441 Codd.
1525 1401 1577 1440 ibi
1603 1400 1711 1440 resti-

439 1455 512 1493 tuit
528 1453 847 1496 Hemsterhusius.
861 1456 1013 1496 Verum
1033 1456 1117 1495 addi
1135 1455 1256 1508 posset
1269 1455 1394 1495 Dion.
1415 1454 1538 1495 Halic.
1554 1454 1627 1493 Vll
1641 1483 1653 1499 ,
1673 1468 1710 1507 p.

441 1522 538 1561 473,
555 1521 615 1554 10,
628 1521 744 1561 quem
763 1510 836 1549 iam
855 1511 993 1551 adduxi
1005 1511 1050 1550 ad
1064 1510 1178 1549 Rhet.
1192 1509 1319 1549 Praec.
1334 1521 1368 1548 c.
1383 1523 1448 1558 24,
1458 1508 1711 1562 διἀἰσχὺννις

440 1561 594 1610 λαβεῖν,
621 1562 712 1614 ἀνὴρ
736 1561 945 1617 αὗτουργος
969 1565 1035 1603 καὶ
1059 1564 1179 1616 γέρων
1199 1586 1244 1594 -
1263 1563 1434 1612 ὀνείρατα
1455 1562 1634 1613 ἐκφέρειν.
1664 1562 1712 1602 Et

442 1614 623 1669 Xenoph.
644 1617 784 1670 p.458‚
800 1618 942 1659 σἰὀνται
961 1618 1040 1659 δεῖν
1060 1619 1229 1669 φρόνιμοι
1248 1617 1312 1656 καὶ
1329 1617 1472 1668 μέτριοι
1487 1616 1714 1667 φαίνεσθαι,

443 1670 622 1722 aliaque,
640 1684 740 1723 quae
764 1671 981 1713 afferuntur
1001 1686 1021 1711 a
1047 1672 1240 1711 Maittaire
1262 1672 1308 1710 de
1328 1671 1430 1711 Dial.
1459 1684 1495 1723 p.
1513 1669 1563 1710 82
1578 1701 1589 1718 ,
1612 1682 1715 1723 quae

442 1737 537 1764 cum
560 1724 784 1777 Polybianis
810 1728 928 1767 modo
951 1726 1121 1766 adductis
1143 1739 1215 1779 pro
1232 1725 1386 1778 vulgata
1408 1723 1532 1765 facere
1549 1724 1716 1764 nonnul·
1776 1742 1781 1749 ·

443 1779 489 1818 lis
511 1779 768 1828 videbuntur3
791 1779 851 1820 sed
873 1781 962 1833 quia
979 1782 1018 1820 δι
1041 1781 1078 1820 in
1098 1781 1141 1819 iis
1158 1780 1204 1818 ad
1223 1778 1505 1819 nominativum
1531 1777 1715 1831 personae

444 1831 666 1886 respicitur,
686 1834 749 1874 illa
770 1835 844 1876 huc
865 1836 1097 1888 detorquere
1120 1834 1264 1882 nolim;
1288 1833 1410 1886 magis
1433 1832 1534 1872 enim
1560 1832 1637 1872 huc
1661 1831 1717 1872 fa-

446 1887 520 1934 cit,
536 1888 641 1940 quod
657 1889 939 1929 nominativum
956 1890 996 1928 &
1010 1888 1177 1929 accusat.
1195 1887 1307 1927 simul
1327 1886 1480 1927 infinito
1494 1886 1716 1926 adiunuum

449 1941 542 1980 alibi
571 1941 644 1981 iam
669 1943 839 1983 dedimus
852 1974 865 1990 ,
891 1957 938 1983 ex
959 1944 1028 1996 Ep.
1042 1943 1087 1982 ad
1105 1941 1238 1995 Ephes.
1253 1942 1326 1990 IV,
1345 1955 1361 1980 1
1380 1941 1422 1981 &
1439 1955 1460 1980 2
1474 1970 1485 1989 ,
1507 1940 1572 1980 ubi
1587 1955 1719 1993 παρα·

451 1994 562 2034 καλῦ
581 1988 639 2036 052»
665 1996 763 2047 ὑμᾶς
785 2020 829 2027 -
856 1994 1122 2050 περιπατῆσαι
1145 1995 1320 2048 ἀξίως-
1349 1994 1574 2046 ἀνεχόμενοι
1600 1992 1721 2035 &mist-

450 2060 540 2095 λων,
555 2051 624 2090 ubi
638 2050 677 2090 &
690 2051 830 2091 Elsner.
849 2052 929 2091 duo
943 2051 1016 2091 alia
1030 2050 1179 2091 addidit.
1193 2051 1422 2102 Notumque
1441 2049 1507 2089 vel
1520 2061 1568 2089 ex
1580 2047 1720 2089 Gram-

450 2104 602 2144 maticis
615 2105 842 2158 vulgaribus
854 2136 866 2154 ‚
885 2106 977 2146 illud
990 2105 1284 2158 Xenophontis,
1306 2106 1395 2157 orpbf
1410 2106 1455 2143 τὶ
1475 2102 1614 2157 ἀγαθοὶ
1628 2102 1721 2154 <pai-

451 2161 601 2197 υεσῦαι·
625 2159 666 2199 &
689 2173 737 2199 ex
763 2161 900 2200 eodem
914 2192 925 2208 ‚
954 2159 995 2198 ‘O
1011 2159 1056 2199 Σὲ
1070 2158 1260 2210 Ἀσσύριος
1279 2181 1324 2188 -
1346 2156 1507 2212 ἐγὼμὲν
1527 2151 1633 2207 οἶμαι
1654 2156 1721 2195 ivr-

453 2213 555 2251 πέας
568 2213 635 2262 μὲν
647 2213 769 2264 ἄξειν,
783 2227 856 2266 pro
867 2217 930 2255 τον
943 2214 987 2254 Σὲ
998 2211 1195 2264 Ἀσσύριον.
1208 2212 1324 2252 Addo
1337 2210 1583 2252 rursusAt-et.
1594 2209 1718 2264 Capp.

456 2264 556 2304 vers.
581 2267 643 2306 fin.
666 2268 708 2307 L.
725 2268 766 2314 l,
789 2282 824 2320 p.
845 2282 894 2307 m.
914 2282 964 2321 92
979 2298 991 2315 ,
1012 2267 1075 2306 καὶ
1094 2266 1186 2306 rese
1209 2266 1343 2317 μέντοι
1366 2261 1657 2318 προευκρινίισας
1671 2284 1718 2299 -κ

456 2317 652 2370 πρήσσειν,
673 2335 745 2375 pro
763 2323 1106 2374 προευκρινίισαντα
1121 2320 1188 2360 θεῖ
1206 2320 1396 2371 πρήσσειν·
1411 2332 1501 2359 cum
1525 2330 1654 2357 tamen
1670 2315 1721 2355 ἁ-

455 2374 726 2429 muxeio-am
741 2399 785 2407 -
806 2376 998 2430 ἀφαιρέειν
1015 2376 1100 2416 ibid.
1116 2374 1236 2430 paulo
1251 2386 1338 2415 ante
1351 2374 1495 2415 dixerit.
1517 2372 1663 2417 Iterum
1678 2371 1722 2412 L.
