1783 3403
257 253 329 299 IN
364 253 697 301 NAVIGIUM
715 251 844 307 ¹SEU
878 251 1077 299 VOTA:
1211 270 1258 321 51
1273 271 1291 308 1

44 343 133 382 dans
147 351 222 382 tant
232 345 272 382 de
284 359 435 397 voyages
447 344 573 383 Lucien
586 358 626 382 ne
638 344 717 395 s’est
724 341 952 394 jamaisfirvi
969 345 1009 380 de
1019 342 1148 381 cheval.
1170 345 1299 384 Comme

46 396 238 436 l'e'rudition
257 400 336 450 gcite
361 398 495 449 quelque
509 395 584 448 fbis
605 397 634 434 le
650 394 845 448 jugement!
900 414 908 423 ·

99 449 183 503 Pag
198 450 322 490 182.7.
337 464 352 488 1
388 480 396 488 .
409 449 454 488 Ὠ
465 449 708 500 Ἀὃείμαντή
728 448 770 487 In
782 447 852 488 Ms.
865 447 962 500 Reg.
976 460 1088 501 2954.
1101 444 1127 487 (ἶ
1142 449 1300 499 Σάμιπ-

47 514 115 539 πε·
134 503 234 542 unde
251 465 390 544 efflei.
410 505 456 543 de
471 503 580 542 Ballu
601 501 801 554 personam
818 502 1013 541 Adimanti
1038 503 1113 541 huc
1136 503 1301 543 inseren-

45 553 131 610 ῥεια]
146 567 268 608 putat,
285 557 360 596 hoc
372 557 512 596 modo:
529 577 573 585 —
583 555 650 594 τῖον
668 555 794 608 χεῖρα.
808 559 962 594 ΑΔΕΙΜ.
975 555 1136 601 Πάντες,
1146 551 1192 594 ὦς
1205 556 1303 608 ὁρᾷς,

47 609 76 646 ὦ
87 607 296 659 Σάμιππε,
310 609 606 662 ἐχειροτόνησαν.
623 613 737 648 ΣΑΜ.
758 609 876 647 Ἀλλὰ
889 607 936 648 σὺ
948 608 1016 658 μὲν
1032 606 1144 661 ἄρχε,
1161 623 1196 649 κ.
1211 624 1247 649 τ.
1263 623 1302 650 λ.

99 665 174 701 ead.
186 664 211 700 l.
227 675 284 713 ¹7·
297 661 642 715 Συμπαρεὲρεύειν)
660 660 874 713 Paraphrafi
887 661 1150 713 explicandum
1167 665 1302 714 putavi

42 714 223 762 verbum,
234 717 344 756 cuius
356 717 450 756 hanc
462 718 541 755 vim
554 715 627 754 effe
640 714 770 754 sentio.
782 714 812 752 F
814 726 897 754 orte
912 715 988 753 iam
1001 713 1188 767 adscripsit
1199 717 1301 756 hunc

43 765 174 808 locum
188 771 248 808 vir
259 769 491 809 doeiiffimus
510 769 604 809 Ger.
616 769 815 808 d'Arnaud
834 768 946 821 capiti
960 768 1104 809 oetavo
1117 768 1301 822 elegantis

44 820 216 874 opusculi
231 822 284 862 sui
296 823 343 862 de
353 822 425 862 Dis
436 821 644 874 vtoep5‘8poef.
662 821 792 862 GESN.

97 875 189 928 Pag.
209 875 327 929 183.l.
343 892 379 925 4.
391 880 448 914 Τᾶ.
459 876 583 928 ὅπλα)
603 875 768 914 subaudi
781 873 901 931 κατ’ίι.
919 873 1088 915 (ἱυΥΕ-ιϊ

98 932 172 968 ead.
194 930 221 969 l.
237 943 275 981 7.
295 929 526 983 Κεγχρεαῖς)
550 929 610 968 Sic
627 930 709 968 edd.
734 928 963 982 Κεγχρειαῒς
982 929 1156 969 emendat
1167 930 1301 972 Solam

45 979 123 1022 vid.
133 983 217 1022 eius
229 984 396 1023 rationes
408 983 516 1035 supra
528 983 680 1034 Quom.
695 982 790 1022 Hist.
802 995 834 1022 c.
848 994 909 1033 29.
930 983 984 1021 At
996 983 1208 1036 Κεγχρεαῖς
1220 984 1299 1025 sme

43 1033 283 1090 diphthongo
304 1035 415 1077 affert
435 1037 556 1076 Wass.
570 1037 615 1076 ad
627 1036 808 1087 Thucyd.
819 1035 916 1075 VIII
926 1065 938 1082 ,
952 1048 984 1074 c.
1007 1049 1050 1075 ιο
1060 1065 1074 1082 ,
1091 1049 1139 1075 ex
1154 1036 1295 1089 Polyb.

42 1088 111 1127 ubi
125 1089 176 1129 fic
189 1089 343 1143 semper.
373 1090 568 1142 Quamvis
581 1103 637 1142 ap.
650 1089 833 1140 Thucyd.
850 1087 997 1140 Scylac.
1017 1089 1138 1130 Strab.
1157 1091 1196 1131 δε
1216 1091 1301 1130 Phi-

41 1140 146 1182 lostr.
161 1143 302 1196 ubique
315 1144 415 1184 τεᾶε
429 1157 515 1184 cum
529 1143 772 1196 diphthongo
785 1144 961 1195 reperias.
979 1142 1062 1194 Ego
1078 1144 1207 1196 itaque
1219 1157 1301 1183 non

41 1197 155 1236 movi
169 1198 365 1250 vulgatam
377 1197 611 1250 scripturam,
625 1198 714 1249 quia
727 1197 769 1237 &
780 1195 890 1250 supra
900 1197 923 1235 l.
940 1196 975 1234 d.
986 1197 1023 1235 in
1035 1196 1186 1248 Quom.
1202 1199 1300 1237 Hist.

39 1245 242 1303 Κεγχρεὶῖν
255 1265 344 1291 cum
359 1251 480 1304 vulgo
497 1252 681 1290 librorum
694 1249 864 1297 servavi,
883 1249 924 1289 &
937 1249 1011 1289 Th.
1022 1250 1126 1302 Mag.
1137 1250 1301 1291 indicari-

42 1311 83 1342 te
97 1305 184 1344 ibid.
194 1304 317 1345 lensio
328 1334 339 1352 ‚
353 1305 506 1345 utrovis
517 1317 624 1344 more
636 1303 770 1350 scribi,
785 1304 898 1342 etiam
910 1302 1101 1343 observat.
1126 1303 1272 1345 Rmz.

0 1355 1 1360 ¹
94 1359 169 1398 ead.
189 1357 214 1396 l.
230 1357 266 1398 8.
282 1358 552 1410 Διαλίιβωμεν)
566 1358 729 1409 Corrige
742 1356 1000 1407 ἓιαβέιλωμεν.
1018 1356 1183 1396 GUYET.
1201 1365 1298 1397 Δια·

0 1428 1 1433 *
39 1408 263 1465 βάλλωμεν)
275 1412 335 1452 Sic
348 1411 470 1452 visum
483 1422 630 1450 mutare
644 1424 715 1464 pro
728 1410 989 1460 ὃιαλάβωμεν,
1004 1411 1110 1462 quod
1122 1411 1161 1449 in
1175 1414 1299 1450 omni·

42 1462 115 1504 bus
134 1465 244 1518 impr.
259 1465 299 1505 δι
317 1465 394 1505 Ox.
413 1476 504 1505 erat.
523 1465 680 1504 SOLAN.
703 1464 780 1503 Vel
792 1463 1049 1514 Σιελέισωμεν,
1071 1464 1096 1503 l.
1110 1463 1300 1517 διαπεραι,

39 1529 180 1569 σωμεν,
200 1519 225 1558 l.
239 1518 548 1568 ἓιαπλεύσωμεν,
564 1519 666 1558 malit
677 1517 813 1557 c1.Bel.
825 1518 871 1557 de
880 1517 975 1557 Ball.

96 1576 170 1611 ead.
184 1573 208 1611 l.
219 1586 256 1625 9.
277 1571 470 1624 Ἀρτέμιδι
483 1572 690 1618 θύσαντες,
709 1571 773 1610 καὶ
793 1573 865 1611 τὰς
885 1572 1017 1610 πόλεις
1043 1571 1297 1625 ἀτειχίστους

40 1626 244 1673 λαβόντες,
265 1625 403 1677 ῥαδίως
416 1628 614 1678 αρχοντας
631 1624 911 1677 ἀπολιπόντες)
932 1624 992 1664 Sic
1003 1637 1161 1677 quoque
1178 1625 1300 1666 Bene-

41 1677 178 1725 ἀίἃυς,
189 1680 298 1732 captis
312 1680 507 1719 civitatibus
517 1679 716 1726 immunitis,
729 1678 765 1717 G·
780 1677 955 1731 praefieblis
965 1679 1084 1718 ibidem
1092 1677 1198 1731 fizcile
1217 1682 1298 1718 reli-

39 1733 100 1770 θὶς
111 1747 123 1771 .·
143 1744 231 1772 cum
247 1733 433 1785 Micyllus
448 1733 587 1785 pariter
601 1731 753 1772 dediffet
765 1761 779 1778 ,
800 1748 840 1771 ac
861 1732 1052 1771 civitatibus
1068 1733 1161 1772 nullo
1176 1732 1295 1784 defin·

41 1788 137 1825 dente
152 1787 277 1838 captis,
291 1785 526 1840 praeftclisque
538 1787 654 1826 ibidem
661 1785 767 1836 facile
785 1786 915 1825 reliblis.
940 1786 1037 1825 Mihi
1056 1798 1102 1825 ea
1119 1787 1220 1825 ratio
1239 1788 1297 1827 lo-

68 1840 181 1879 uendi
200 1840 352 1880 videtur
373 1841 533 1880 absurda
547 1869 558 1886 ‚
582 1841 623 1879 &
644 1839 944 1891 distinguendum
957 1838 1030 1878 effe
1044 1839 1220 1884 λαβόντες
1233 1842 1300 1893 ῥᾳ-

38 1852 144 1941 ἕίως,
158 1893 350 1947 ἄρχοντας
363 1894 478 1934 ἀπολ.
501 1894 562 1933 Sic
574 1894 676 1933 enim
693 1894 731 1932 &
751 1893 872 1932 solent
883 1891 1083 1945 scriptores
1103 1894 1234 1945 loqui,
1253 1895 1297 1934 δε

40 1945 170 1986 sensus
180 1948 396 1987 communis
415 1947 499 1987 fert.
523 1948 621 1987 Mox
633 1947 748 2000 longe
766 1946 928 1998 ineptius
943 1957 1145 1986 vertuntur
1158 1947 1219 1985 illa
1232 1948 1299 1987 καὶ

38 1998 108 2042 τῆς
121 2001 306 2052 παραλίου
320 2001 384 2039 καὶ
394 1999 501 2053 ὂρεινὶῖ
503 2015 519 2040 ς
537 2001 725 2046 Κιλικίας,
745 2013 916 2053 utramque
929 2000 1064 2039 Ciliciae
1074 2015 1180 2047 oram,
1197 2003 1297 2040 mari·-

39 2055 156 2094 eimam
169 2054 367 2094 videlicet&
381 2067 589 2095 montanam.
615 2054 655 2094 Si
677 2055 777 2092 enim
797 2053 905 2104 όρεινίι
923 2066 1003 2093 non
1027 2053 1079 2093 est
1095 2057 1298 2105 παράλιος,

41 2120 123 2148 non
138 2107 259 2160 potest
278 2107 370 2148 ferri
388 2123 468 2148 ora.-
496 2108 536 2147 δι
552 2121 619 2148 cur
637 2120 718 2148 non
740 2106 958 2161 simpliciter
969 2109 1233 2161 maritimamque
1249 2123 1291 2147 ac

39 2173 234 2202 montanam
250 2161 403 2201 Ciliciam
416 2164 437 2200 ?
455 2161 601 2202 GRON.

95 2215 188 2265 Pag.
214 2214 299 2263 184.
319 2216 343 2254 I.
362 2216 400 2255 6.
426 2215 742 2267 'Aorosuspe'wnm
760 2236 805 2245 —
826 2216 890 2254 τὶν
913 2214 1156 2269 κατάλογον)
1181 2216 1295 2256 Hanc

38 2267 190 2322 phrasin
203 2268 291 2308 alibi
305 2267 508 2309 observare
521 2283 581 2309 me
596 2282 675 2309 non
692 2269 858 2308 memini.
881 2268 1036 2309 SOLAN.

92 2322 173 2361 ibid.
189 2320 431 2376 Κατάλογον)
447 2323 676 2375 Κατάλοχον
690 2322 780 2375 legit
797 2323 992 2374 interpres.
1013 2322 1183 2363 GUYET.

92 2379 168 2414 ead.
179 2376 204 2414 l,
223 2389 237 2415 1
247 2390 280 2414 2.
290 2376 336 2415 Οἱ
354 2376 418 2430 δὲ)
432 2376 506 2416 Pro
517 2377 579 2414 alii
590 2393 666 2416 vero
677 2375 854 2415 usitatum
867 2376 955 2424 elle,
968 2377 1164 2430 permultis
1177 2376 1293 2417 docet

38 2427 68 2468 1.
82 2427 180 2468 Elsn.
191 2427 285 2468 Obs.
304 2430 350 2470 ad
363 2430 413 2470 N.
425 2429 476 2470 T.
490 2430 525 2476 1,
542 2443 579 2482 p.
595 2444 680 2478 347.
699 2429 842 2469 ΚΕΗ-Ζ.

93 2482 182 2534 Pag.
195 2481 320 2534 185·l.
336 2498 370 2535 ⁴3.
390 2483 471 2523 Ἐπὶ
491 2483 691 2528 Βαβυλῶνα
708 2483 895 2536 ἐλθόντες)
919 2483 1000 2523 Ἐπὶ
1026 2482 1209 2528 Βαβυλῶνι
1229 2484 1293 2522 ἑλ-

36 2534 172 2582 earm,
181 2537 287 2590 quod
299 2536 351 2578 Ο.
363 2537 492 2584 habet,
502 2550 573 2591 pro
587 2536 806 2586 Βαβυλῶνα,
820 2537 967 2580 defendi
982 2536 1104 2592 potest
1115 2550 1162 2579 ex
1171 2537 1292 2585 Hom„
