1783 3403
259 253 330 300 IN
365 253 688 305 ADVERSUS
722 255 1085 304 INDOCTUM.
1214 262 1301 324 363

43 396 46 399 ‚
98 346 172 386 ead.
185 344 206 383 l.
226 357 287 395 15.
302 345 477 400 Μυῤῥίνῃ)
495 347 559 386 Αη
580 347 734 399 ‘impium
749 345 920 387 GUYET.
939 346 1031 385 Non
1046 346 1168 395 male,
1186 361 1230 387 ut
1247 349 1310 388 lu·

44 397 156 439 dibrii
172 398 286 438 causa
298 401 422 438 maior
434 399 478 438 sit
492 400 685 459 oppositio
702 403 802 439 intei-
821 400 972 439 laurum
989 401 1031 440 &
1052 401 1166 440 vilem
1188 402 1310 453 myri-

45 464 129 491 cam
144 462 258 544 Ἣῃιε
272 453 438 492 malvam
452 483 464 501 ‚
480 467 596 507 quam
609 467 708 507 quae
722 455 797 493 iam
809 453 862 493 est
877 454 1139 494 interlaurum
1152 454 1192 493 δι
1205 468 1314 506 myr-

45 514 143 546 tum.
202 516 310 544 trrz.

99 558 180 598 ibid.
195 561 394 612 Μαλάχης
407 558 584 612 φύλλοις)
599 559 748 613 Nempe
769 559 948 600 ferulacei
972 560 1122 613 generis
1141 558 1196 599 eff
1218 561 1312 599 mal·

46 624 121 659 va,
139 612 184 651 de
199 625 275 664 qua
289 613 382 652 Plin.
395 613 491 653 XIX
503 643 515 659 ‚
529 629 577 661 4,
596 613 620 652 s.
641 627 688 652 22
701 644 712 662 ,
736 614 772 651 in
792 615 930 652 Arabia
936 613 1080 667 septimo
1094 615 1196 666 menfi
1211 617 1311 653 arbo-

43 665 164 726 rescere
191 666 496 719 baculorumque
527 666 634 707 usum
657 669 812 718 praebere
839 669 1025 719 extemplo,
1048 680 1095 707 ex
1112 668 1312 720 Theophr.

45 718 128 759 lust.
151 719 201 772 pl.
218 719 258 766 1,
283 733 314 771 ς.
337 721 471 773 ltaque
485 720 637 760 adhibet
654 721 700 760 ad
713 733 798 761 eam
820 733 898 761 rem
913 721 1053 762 Noster
1077 722 1191 762 etiam
1207 728 1313 773 Δρα-

45 786 141 812 oret.
159 785 255 813 extr.
275 773 403 816 GtsN.

99 828 173 869 ead·
194 828 217 867 l.
235 825 574 879 16.Ἀπῆλλοιξαν)
588 827 731 867 Forsan
747 824 968 868 ἀπήλασαν.
984 828 1155 869 GUYET.

102 879 194 934 Pag.
218 895 256 929 4.
276 880 301 919 l.
320 895 354 923 1.
376 882 547 931 Ὀλμειὶν
561 883 577 934 )
592 882 656 922 De
677 882 734 921 his
758 881 929 921 fontibus
944 882 1098 923 Hefiod.
1115 889 1157 923 Θ.
1178 882 1214 922 6.
1238 882 1315 923 So-

49 944 147 978 LAN.
161 933 263 974 Cum
277 936 420 975 nullam
432 935 548 976 fontis
561 936 676 975 huius
690 937 730 976 &
745 935 816 974 rivi
831 936 1067 976 mentionem
1087 936 1219 976 fecerit
1230 936 1318 976 Cel·
1373 955 1376 958 ·

47 988 186 1036 larius,
207 989 316 1028 iuvat
330 1001 535 1035 annotare,
557 1003 645 1029 eum
667 990 715 1027 ab
732 988 901 1028 Hesiodo
914 990 1119 1042 Theogon.
1138 1003 1175 1029 ν.
1196 1004 1211 1042 5
1229 991 1268 1029 δι
1289 989 1315 1029 6

47 1041 154 1093 iungi
169 1054 256 1082 cum
273 1043 522 1097 Hippocrene
545 1043 585 1082 &
600 1042 803 1083 Permeffo.
830 1044 1000 1094 Etymon
1019 1057 1067 1084 ex
1086 1045 1234 1083 oriente
1248 1057 1317 1083 ar·-

49 1095 154 1136 ceffit
179 1095 352 1137 laudatus
376 1098 494 1136 modo
514 1097 729 1137 Bochartus
750 1096 924 1137 Chanar).
946 1096 983 1143 1,
1009 1099 1066 1138 16.
1093 1097 1232 1137 Strabo
1254 1098 1317 1138 lib.

47 1149 129 1196 IX,
154 1162 192 1202 p.
212 1149 283 1189 281
315 1164 372 1204 pr.
394 1151 409 1189 ὃ
429 1154 647 1203 Περμησσὸς
671 1150 734 1189 καὶ
752 1149 767 1188 ὃ
793 1149 965 1201 Ὁλμειὶς
985 1151 1027 1189 ἐκ
1044 1150 1112 1190 τοῦ
1132 1150 1318 1190 Ἑλικῶνος

50 1203 336 1253 συμβάλλοντες
351 1201 528 1245 ἀλλήλοις
544 1205 595 1244 εἰς
614 1204 680 1244 τὴν
696 1199 814 1243 αὐτὴν
835 1204 1076 1254 ἐμπίπτουσι
1097 1205 1228 1256 λίμνην
1249 1204 1318 1245 τὴν

50 1256 246 1300 Kmmlsa
260 1257 331 1298 τοῦ
343 1257 537 1311 Ἁλιάρτου
550 1259 719 1298 πλησίον.
736 1257 863 1298 GESN.

106 1312 217 1354 ead.l.
238 1324 270 1364 3.
289 1313 418 1351 Καίτοι
432 1343 442 1359 ,
462 1307 572 1359 adse,
596 1313 626 1351 εὶ
647 1311 711 1350 καὶ
728 1312 832 1351 πάνυ
855 1311 959 1363 &c.)
983 1311 1102 1365 Vulg.
1119 1312 1242 1350 καίτοι
1261 1306 1322 1350 οὔ·

52 1363 99 1404 ἑὲ
120 1365 150 1404 εἰ
165 1365 271 1404 πάνυ
287 1365 361 1406 ἃς.
375 1365 446 1405 Sed
462 1365 706 1416 praeferenda
719 1365 829 1404 nobis
844 1366 1047 1405 videbatur
1063 1379 1152 1406 cum
1171 1366 1216 1405 cl.
1238 1365 1320 1405 Bel.

51 1419 100 1459 de
110 1418 222 1460 Banu
239 1419 354 1460 lectio
371 1418 443 1462 ΜΓ.
460 1419 558 1472 Reg.
576 1432 677 1471 2954
689 1450 699 1467 ‚
716 1431 834 1471 quam
853 1418 1113 1471 expreffimus.
1129 1419 1247 1459 Simul
1267 1420 1325 1457 in-

50 1472 360 1524 terpunffionem
386 1474 426 1512 in
446 1474 580 1514 melius
606 1473 812 1513 direximus
824 1502 835 1520 ,
864 1483 1049 1514 monente
1071 1474 1207 1514 eodem
1233 1473 1322 1513 viro

50 1525 279 1567 dofiiffimo.

108 1584 183 1620 ead.
207 1581 231 1620 l.
257 1594 289 1633 5.
302 1581 357 1621 Ἐν
377 1580 458 1635 χρῷ
472 1581 592 1633 πρὶς)
619 1582 658 1620 Α
679 1581 786 1622 coitu
807 1580 1045 1634 metaphora.
1065 1580 1234 1621 GuYET.
1251 1580 1323 1620 Su-

54 1647 122 1689 pra
136 1632 244 1686 Ζεὺξ.
260 1648 293 1675 c.
310 1636 334 1675 6
354 1635 380 1674 f.
398 1635 473 1677 &c.
488 1635 646 1675 SOLAN.

107 1691 181 1728 ead.
196 1690 219 1727 l.
234 1689 325 1741 7.'¹H
341 1688 394 1739 τῷ
405 1689 497 1728 δεῖνι
513 1689 737 1741 {vrevin-m
748 1687 818 1741 )''H
839 1687 884 1729 σὺ
899 1687 953 1738 τᾷἱ
963 1687 1057 1728 Silva
1078 1688 1114 1740 ξ.
1133 1689 1323 1729 MARCIL.

109 1746 183 1782 ead.
198 1743 221 1781 l.
240 1756 276 1795 9.
293 1746 404 1782 Κατὰ.
418 1742 467 1783 δὴ
481 1741 638 1789 ταῦτα,
653 1742 728 1794 ἔχε
744 1743 939 1794 ξυλλαβὼν
953 1742 1079 1782 ἐκεῖνα,
1093 1745 1148 1782 τὰ
1163 1742 1228 1781 τοῦ
1243 1751 1326 1783 An·

52 1796 273 1849 μοσόένους,
297 1797 370 1836 ὅσοι
386 1795 435 1846 τῇ
450 1798 555 1850 χειρὶ
574 1796 624 1847 τῇ
639 1795 757 1836 αὑτοῦ
771 1797 786 1835 ὃ
803 1793 918 1848 ῥήτωρ
932 1796 1107 1850 ἔγραψε)
1128 1797 1321 1836 Vertunt:

48 1854 88 1905 fi
103 1853 165 1891 hoc
178 1866 212 1888 es
225 1853 339 1890 animo
349 1881 360 1898 ‚
375 1864 438 1902 age
451 1851 605 1904 conquire
617 1882 626 1898 ,
644 1866 856 1904 quaecunque
870 1852 1110 1901 Demosthenes
1123 1863 1239 1891 orator
1244 1866 1326 1903 pro·

52 1905 132 1960 pria
150 1919 255 1944 manu
267 1904 412 1956 scripfit.
428 1905 532 1944 Num
552 1906 658 1944 noetio
679 1904 727 1945 <551
742 1905 878 1945 ταῦτα
898 1905 949 1944 est
963 1905 1144 1952 Graecis,
1154 1907 1192 1956 si
1210 1907 1272 1943 lzoc
1289 1920 1324 1943 es

56 1960 172 2000 animo
183 1960 203 1996 ?
217 1959 380 2000 Videtur
390 1957 631 2000 scribendum
645 1989 655 2004 ‚
670 1959 732 1997 m}
745 1957 792 1998 sk
808 1956 939 1997 ταῦτα
953 1956 1025 2011 ἔχε
1036 1988 1048 2004 ,
1063 1960 1145 1997 habe
1151 1958 1240 2010 sane
1249 1960 1325 2011 ista,

56 2013 264 2066 conquisitis,
280 2028 494 2066 quaecunque
515 2014 754 2066 Demosthenes
771 2013 912 2066 propria
928 2027 1030 2052 manu
1046 2012 1192 2065 scripsit.
1217 2013 1325 2052 Haec

56 2067 97 2107 in
110 2067 302 2107 Addendis
315 2065 507 2120 supplevit
522 2067 696 2108 Gnmzv.

111 2123 186 2160 ead.
201 2121 225 2160 l.
245 2133 260 2161 1
271 2135 304 2160 2.
322 2118 427 2160 Αὖτὲι
443 2120 616 2174 ὀκτάκις)
631 2120 870 2173 Thucydidis
889 2120 1043 2161 historia
1056 2133 1079 2160 a
1094 2119 1328 2160 Demosthe-

58 2186 110 2216 ne
124 2175 244 2215 octies
258 2174 452 2227 descripta.
470 2175 639 2216 GUYET.

112 2231 189 2268 ead.
203 2229 228 2268 l.
246 2243 304 2283 13.
323 2228 496 2282 Σύλλας)
512 2230 599 2268 Vid.
616 2229 727 2282 supra
747 2227 850 2280 Ζεὺξ.
864 2242 896 2268 c.
914 2243 951 2282 3,
965 2227 1004 2268 &
1016 2240 1117 2281 quae
1132 2227 1182 2266 ibi
1197 2228 1242 2265 de
1255 2226 1329 2265 sta-

59 2283 135 2323 tuis
146 2282 280 2323 aSulla
293 2283 462 2324 Romam
477 2282 591 2324 miffis
608 2294 789 2322 annotata
804 2282 898 2322 sunt.
915 2282 1138 2321 Plutarchus
1152 2283 1197 2323 de
1208 2282 1326 2327 libris,

61 2338 109 2376 de
122 2337 262 2390 quibus
273 2337 312 2376 &
327 2338 388 2379 hic
402 2337 564 2386 Noster-5
581 2336 640 2376 sed
655 2337 879 2377 Plutarchus
892 2349 973 2376 rem
989 2347 1134 2375 tantam
1149 2348 1229 2374 non
1242 2334 1330 2374 satis

61 2391 200 2434 docere
217 2391 370 2431 videtur
386 2391 424 2429 in
444 2391 660 2444 Imperatoris
676 2392 778 2430 huius
790 2393 885 2429 vita:
907 2403 994 2430 cum
1009 2391 1110 2430 enirn
1126 2388 1328 2435 narrasset,

61 2445 298 2497 Apelliconis
313 2445 398 2485 Teii
412 2445 679 2485 bibliothecam
694 2446 741 2483 ab
754 2457 802 2484 eo
817 2445 981 2484 Athenis
996 2443 1193 2497 sepositam
1209 2473 1220 2491 ‚
1242 2442 1329 2481 mis-

62 2498 112 2543 fis
126 2499 221 2546 aliis,
235 2499 285 2537 ait
297 2509 462 2547 tantum,
481 2500 673 2551 Aristotelis
687 2498 728 2538 &
743 2499 956 2552 Theophrasti
974 2511 1091 2551 opera
1110 2498 1147 2536 in
1161 2509 1206 2536 ea
1221 2495 1329 2536 fuiffe

27 2572 33 2577 ·
64 2553 184 2600 multa
195 2565 240 2597 ea
253 2565 376 2597 aetate
391 2565 470 2596 non
485 2552 568 2593 satis
582 2565 676 2597 nota
687 2583 698 2603 ‚
719 2565 818 2607 quae
835 2553 1005 2593 Romam
1021 2552 1073 2592 ab
1087 2564 1137 2592 eo
1151 2550 1330 2593 translata
