1783 3403
363 229 447 276 IN
490 227 972 276 MACROBIOS.
1209 243 1303 297 477·

53 314 125 358 fuit
138 317 170 357 is
181 315 380 363 Ciceronis
394 320 433 359 &
445 319 619 372 Pompeii
629 319 682 358 M.
696 318 882 371 magister,
900 330 1014 368 quem
1029 329 1116 358 cum
1137 318 1302 363 Alexan-

53 372 163 410 drino
177 371 379 411 confundit
391 373 542 419 Suidas3
558 372 631 411 vid.
643 371 749 411 voff.
767 373 780 410 l
789 400 800 418 ,
817 386 878 419 24.
892 371 980 410 Fuit
999 373 1110 411 etiam
1125 372 1216 413 alius
1229 375 1304 415 Po-

52 424 218 463 sidonius
240 424 391 465 Stoicus
415 425 691 466 Alexandrinus
717 425 880 464 Zenonis
902 423 1122 476 discipulus,
1151 427 1197 466 de
1220 441 1303 479 quo

53 475 138 516 Dio
168 507 177 516 .
195 478 320 518 Laert.
334 493 371 531 p.
390 491 474 530 173.
494 479 650 518 SOLAN.
662 477 924 517 Consulendos
937 478 982 517 de
996 477 1221 527 Pofidonio,
1237 494 1305 532 pa-

52 530 124 569 tria
140 490 266 581 gyro,
287 544 336 570 ex
358 533 553 583 Apamea,
574 530 635 571 sed
658 530 814 570 Rhodio
839 531 970 570 habito
993 531 1189 583 dicioque,
1213 535 1305 585 quia-

52 582 240 623 Rhodi&
255 585 528 638 philosophiam
553 583 736 637 professus
755 583 808 623 est
821 583 988 623 Stoicam
1000 614 1013 630 ,
1037 586 1076 624 δι
1091 584 1226 637 Remp.
1247 600 1305 627 re-

52 637 133 684 xit,
153 649 294 690 magno
307 651 468 678 numero
483 638 658 678 indicabit
673 637 702 676 F
705 637 816 676 abric.
833 638 865 676 d.
884 638 906 676 l.
928 651 964 690 p.
979 651 1068 690 409.
1089 639 1248 679 MAtus.

104 692 179 729 ead.
191 691 217 729 l.
231 690 268 730 8.
288 691 507 744 Κριτόλαος)
524 691 586 730 De
599 703 680 742 quo
692 691 914 730 Plutarchus
925 720 935 735 ‚
950 690 1089 730 Cicero
1100 723 1110 740 ,
1121 692 1302 732 Clemens

52 741 350 793 Alexandrinus,
374 746 414 786 δι
430 744 466 784 S.
483 746 706 796 Empiricus.
727 744 882 783 Sol-AN.
911 745 962 782 V.
977 746 1139 784 eundem
1155 744 1301 785 Fabric-

51 796 97 836 L.
110 797 181 843 ΙΙΙ,
202 811 215 835 1
227 812 260 845 1,
272 812 309 850 p.
325 812 414 849 294,
429 798 469 838 δι
481 798 599 838 Periz.
614 798 660 836 ad
675 797 824 836 Aelian.
840 796 907 844 ΙΙΙ,
924 811 983 846 17,
996 811 1030 850 p.
1042 811 1128 838 210.
1141 798 1303 841 MAan.

104 854 178 890 ead.
190 851 214 890 l.
229 864 265 902 9.
285 851 466 904 Πλάτων)
481 852 583 891 Hinc
597 850 699 890 lusus
711 851 755 889 de
766 851 951 902 quadrato
968 852 1115 891 numeri
1126 863 1303 892 novena-

49 902 95 943 rii
109 905 211 956 apud
225 903 344 957 Diog.
358 905 479 945 Laert.
490 919 526 958 p.
541 919 592 955 70
613 904 659 944 C.
681 902 837 943 SOLAN.

101 959 177 997 ead.
193 959 216 996 l.
237 971 296 997 10.
307 958 550 1009 'Aenvbsmpof,
564 957 701 1008 Σέινὸ.)
719 957 822 997 Male
834 958 1016 1009 interpres
1027 987 1040 1004 ,
1056 958 1296 999 Athenodorus

49 1009 255 1051 Sandonius.
271 1013 412 1060 Verte,
434 1014 606 1051 Sandonis
614 1011 730 1063 filius,
748 1011 787 1050 δι
805 1011 880 1050 vid.
895 1023 966 1050 nos
985 1012 1029 1050 ad
1042 1011 1165 1051 Laert.
1186 1026 1220 1064 p.
1238 1027 1299 1065 15.

48 1063 225 1104 MENAG.
244 1065 307 1105 De
320 1066 396 1105 hoc
409 1067 507 1119 apud
520 1066 745 1105 Suetonium
760 1064 865 1104 nihil.
884 1064 1067 1104 Sandonis
1082 1064 1202 1104 filium
1217 1079 1302 1108 vere

0 1165 1 1169 Ἰ
47 1118 202 1158 tendum
213 1117 300 1165 effe,
315 1122 464 1158 monuit
477 1120 676 1171 Menagius
691 1109 738 1157 {d
749 1118 872 1157 Laert.
884 1118 978 1164 XV,
1000 1131 1013 1156 1
1023 1148 1031 1157 .
1045 1119 1159 1171 Apud
1173 1118 1298 1160 Clem.

0 1184 1 1204 i
48 1171 161 1212 Alex.
182 1187 218 1224 p.
235 1186 285 1212 20
298 1172 347 1213 A.
365 1171 380 1210 ὃ
396 1171 462 1212 τοῦ
475 1171 665 1215 Σάνέωνρς
682 1172 829 1211 dicitur.
850 1171 1026 1210 Meminit
1047 1172 1161 1210 huius
1180 1173 1299 1213 etiam

0 1232 1 1267 j
46 1222 143 1263 Plut.
157 1224 338 1266 Publicol.
349 1227 412 1265 ubi
428 1239 545 1279 prave
557 1225 707 1266 Σάνὸων
717 1225 854 1278 legitur
869 1237 939 1275 pro
949 1224 1150 1265 Σάινὸωνος.
1171 1224 1233 1264 De
1247 1226 1300 1265 se-

45 1277 146 1318 cessu
165 1278 279 1323 huius
295 1280 332 1318 in
348 1281 506 1329 patriam
529 1280 637 1319 locus
656 1278 708 1318 est
728 1278 847 1318 Dion.
861 1277 1057 1329 Chrysost.
1072 1278 1222 1317 illustris
1241 1280 1297 1318 sa-

47 1343 118 1378 ne,
137 1332 175 1371 in
195 1332 266 1373 Or.
279 1334 326 1372 ad
346 1332 452 1373 Tars.
471 1330 538 1373 fol.
554 1333 640 1372 Ald.
658 1333 716 1372 ed.
735 1346 822 1384 274.
847 1331 1003 1372 SOLAN.
1026 1331 1176 1372 CunCta
1195 1333 1296 1385 apud

45 1385 168 1426 Strab.
182 1385 292 1434 XlV,
311 1401 346 1438 p.
358 1386 447 1434 641.
472 1387 632 1426 MAlus.

97 1442 173 1482 ead.
185 1441 211 1479 l.
227 1453 285 1492 15.
299 1439 466 1492 Νέστωρ)
486 1440 609 1480 Cuius
626 1439 794 1478 meminit
812 1438 949 1478 Strabo
963 1438 986 1478 l.
1000 1438 1034 1477 d.
1056 1438 1217 1478 MAlus.

95 1495 170 1532 ead.
181 1494 207 1532 l.
224 1495 280 1533 16.
291 1492 466 1545 Ξενοφῶν)
481 1494 627 1533 Aetatis
639 1505 718 1532 non
735 1493 905 1532 meminit
919 1491 1040 1545 Diog.
1054 1492 1177 1532 Laert.
1190 1502 1296 1533 mor-2¹

46 1555 156 1586 tuum
171 1557 319 1594 tantum
336 1548 427 1586 dicit
446 1559 548 1586 anno
564 1547 687 1598 primo
699 1545 765 1586 Ol.
784 1546 872 1586 CV.
895 1546 1001 1585 Haec
1015 1557 1140 1585 autem
1157 1547 1295 1595 Lucia7

45 1601 86 1640 ni
99 1600 216 1640 verba
239 1613 374 1640 omnes
392 1601 558 1640 rationes
581 1599 802 1641 Casauboni
822 1600 867 1639 ad
881 1599 1022 1638 Athen.
1036 1600 1092 1645 V,
1118 1613 1178 1650 17,
1200 1613 1295 1640 con-

44 1654 215 1701 turbant,
228 1654 605 1707 Xenophontemque
618 1667 639 1692 a
650 1654 846 1694 calumniis
858 1653 1046 1693 Athenaei
1059 1654 1206 1693 abunde
1218 1655 1299 1699 vinff

41 1707 236 1754 dicant,s1
254 1707 471 1748 Casauboni
493 1708 795 1747 emendationem
817 1707 1004 1745 admittas.
1028 1706 1185 1746 SOLAN.
1210 1708 1297 1751 No-¹

43 1761 159 1800 strum
175 1760 357 1815 sequitur,
371 1762 476 1814 quod
488 1763 532 1800 ad
547 1761 676 1800 aetatis
692 1773 831 1808 annos,
849 1760 998 1800 Stanlei.
1014 1773 1056 1799 ac
1070 1760 1179 1799 Fabr.
1194 1760 1291 1800 Bibl.

43 1814 114 1855 Gr.
125 1815 199 1863 111,
215 1831 255 1862 4,
270 1829 303 1866 p.
314 1829 377 1866 71.
393 1816 429 1854 A
443 1815 558 1855 Diod.
573 1815 644 1854 Sic.
660 1814 754 1862 XV,
769 1828 805 1868 p.
819 1828 910 1867 497,
923 1814 1202 1866 ἐσχατόγηρως
1222 1828 1296 1858 vo-⁴

42 1880 165 1909 catur.
189 1869 349 1908 Mnus.
1073 1865 1085 1883 ¹

96 1925 168 1962 ead.
185 1923 210 1962 l.
233 1936 290 1972 17.
311 1915 421 1962 Οὗτοι
433 1922 500 1972 μὲν
514 1921 738 1973 φιλοσόφων)
759 1919 895 1961 Omisit
907 1921 1004 1960 inter
1015 1920 1110 1959 alios
1125 1920 1295 1973 philoso-

41 1976 140 2028 phos
152 1976 462 2029 Theophrastum
474 2007 485 2024 ‚
504 1977 569 2028 qui
589 1975 679 2015 teste
699 1976 946 2025 Hieronymo
962 1974 1078 2027 Epist.
1092 1976 1137 2012 ad
1152 1974 1187 2012 Ν
1191 1985 1295 2026 epor.

43 2030 144 2069 ultra
168 2030 308 2082 septem
332 2029 373 2069 &
398 2041 549 2070 centum
574 2042 695 2068 annos
719 2029 827 2068 vixit.
854 2028 1102 2080 Quamquam
1124 2026 1164 2066 δι
1187 2029 1291 2068 aliter

42 2081 162 2137 Diog.
180 2084 301 2124 Laert.
316 2083 446 2130 tradit,
465 2085 531 2136 qui
543 2083 723 2123 LXXXV
740 2094 860 2121 annos
874 2082 909 2120 ei
923 2080 1088 2133 affignat.
1103 2081 1173 2120 Sed
1192 2083 1293 2134 opti-

43 2150 106 2177 me
123 2138 288 2177 coniecit
300 2136 551 2178 casaubonus
565 2150 636 2190 pro
650 2136 692 2175 σθ’
710 2135 814 2176 scrib.
827 2134 886 2187 1³⁰¹,
906 2136 950 2174 ad
961 2134 1156 2187 Theophr.
1176 2134 1293 2175 Char.

42 2205 81 2243 p.
95 2205 142 2230 m.
155 2205 218 2244 97.
230 2191 397 2231 Consule
409 2190 659 2231 Censorinum
673 2220 686 2236 ,
697 2191 764 2242 qui
780 2188 981 2241 plerosque
993 2190 1201 2241 longaevos
1215 2190 1296 2242 phi-‚

41 2244 225 2298 losophos
239 2245 312 2298 (de
333 2246 391 2284 die
411 2245 523 2284 natali
542 2258 574 2284 c.
592 2243 663 2297 15)
687 2245 871 2282 nominat.
890 2242 1047 2282 SOLAN.

96 2299 189 2350 Pag.
209 2312 292 2349 127.
306 2299 331 2338 l.
346 2313 378 2338 1.
403 2298 617 2345 Κτησίβιος)
643 2298 698 2336 Ex
715 2295 926 2348 Phlegonte
939 2296 1138 2335 Tralliano
1163 2306 1289 2348 patet,

39 2351 103 2391 hic
117 2352 195 2404 legi
218 2352 354 2392 debere
375 2351 508 2391 ἓκοιτὶν
528 2353 735 2403 τεσσάρων,
750 2349 885 2389 omiffo
898 2350 1043 2397 εἴκοσιν,
1059 2363 1094 2400 p.
1113 2351 1196 2400 167.
1220 2351 1289 2401 (A.

41 2405 93 2446 G.
109 2405 226 2452 VlII,
243 2405 378 2460 2730.)
392 2405 550 2446 somn.
573 2405 700 2444 Nemo
712 2405 884 2443 omnium
898 2416 945 2442 ex
959 2404 1155 2456 longaevis
1169 2415 1191 2440 a
1205 2403 1293 2442 No-

40 2457 119 2498 stro
134 2458 320 2499 recensitis
331 2489 342 2506 ,
356 2458 410 2512 (fi
427 2459 623 2499 Nestorem
634 2488 648 2504 ,
670 2458 977 2510 Arganthonium
992 2487 1003 2505 ,
1026 2470 1068 2496 ac
1081 2456 1261 2496 Tirefiam
1273 2486 1287 2504 ‚

41 2513 101 2562 ad,
113 2511 246 2554 fabulis
272 2513 489 2555 consecrata
515 2512 639 2554 secula
664 2514 892 2566 pertinentes
903 2542 917 2562 ,
943 2511 1095 2560 demas)
1119 2511 1292 2553 vivendo
