1835 3408
502 111 593 162 ςῳ
689 94 1562 146 ANNOTATIONES

495 185 686 225 Lucianus
701 214 714 233 ,
736 198 784 226 ne
805 187 872 226 fibi
899 200 920 226 a
947 199 1146 239 quoquam
1173 186 1302 227 oratio
1327 186 1470 239 Cynici
1497 186 1761 229 adscribatur-:¹

495 238 532 276 id
553 252 633 290 quo
658 252 706 278 ne
724 238 793 278 fiat
808 271 820 289 ,
842 241 916 287 ait,
941 237 989 279 ὣς
1015 240 1198 292 ἐλέγετο,
1223 241 1399 293 additque
1417 271 1428 288 ,
1459 254 1560 293 quam
1579 242 1759 281 oratiorum

492 290 600 340 flu-ile
628 293 787 344 agnosces
800 324 813 340 ‚
839 295 894 346 qui
928 293 1118 344 huiusmodi
1150 308 1251 332 canes
1275 294 1376 345 fhepe
1407 295 1570 333 latrantes
1595 295 1758 333 audieris.

499 344 619 397 Quae
637 346 819 386 sententia
844 348 958 399 longe
985 347 1054 386 alia
1076 346 1140 385 est.
1161 347 1316 386 FABER.

557 402 634 438 ead.
656 399 680 437 l.
699 413 710 436 1
726 396 1064 454 1.'*52‘·yiiu.al35ms)
1082 400 1194 439 Ridet
1207 401 1398 440 Lucianus
1411 400 1477 440 τὴν
1491 401 1649 453 ὂγκηρδιν
1663 410 1761 449 φλη·

498 451 632 500 vezolam
646 452 715 491 τοῦ
730 450 1023 502 ἑπιφωνῆμοιτος.
1041 453 1196 494 FABER.
1601 477 1609 484 ·

551 507 627 544 ead.
652 507 676 545 l.
701 520 758 545 12.
778 506 931 558 Πατρῷε
957 507 1179 559 Ἡράκλεις)
1205 506 1394 546 Videlicet
1417 506 1626 546 Herculem
1653 504 1762 558 quafi

499 558 757 612 πατριάρχην,
775 559 838 598 seu
862 559 1027 599 familiae
1047 559 1137 600 suae
1167 561 1400 612 principem,
1423 560 1554 599 haberi
1574 559 1759 599 volebant

500 611 668 663 Cynici,
690 614 804 664 reque
817 614 936 652 veluti
952 612 1214 664 Ἡρακλίσκους
1235 616 1345 653 τινὰς
1359 614 1584 655 ἰεξὶίῐεϋῑιητ.
1599 613 1761 654 FABER.

553 666 632 704 ibid.
650 666 839 719 Δεθέντοι)
853 666 919 706 Ob
935 666 1273 706 Christianismum.
1289 668 1341 706 V.
1354 679 1386 707 c.
1406 680 1419 705 ι
1433 680 1446 705 ι
1463 667 1502 707 &
1527 681 1584 706 12.
1598 667 1757 706 SOLAN.

552 722 626 758 ead.
639 720 665 758 l.
682 734 739 772 ¹3·
753 719 802 769 Τῇ
817 720 1000 772 πατρίδι)
1016 721 1115 759 Vide
1132 733 1214 772 cap.
1235 733 1297 771 15,
1318 721 1358 759 &
1372 733 1504 760 veram
1526 719 1710 761 summam
1727 730 1761 759 c.

507 785 569 821 14.
586 773 692 814 Haec
707 785 833 813 autem
849 773 992 824 Cynici
1004 773 1150 815 summa
1169 773 1284 813 efficit
1303 773 1381 813 fere
1402 774 1594 826 integrum
1607 801 1619 820 ‚
1642 786 1760 825 quem
1832 795 1835 807 ι

1813 266 1835 296 ne

1815 307 1833 348 vi

501 837 673 875 vocant,
705 828 884 868 millionem
913 828 1094 866 librarum
1119 827 1444 880 Anglicanarum‚
1475 828 1511 866 id
1538 827 1614 876 est,
1636 827 1762 868 decies
1831 860 1835 868 .

499 891 660 920 centena
676 881 799 920 millia.
825 881 984 921 SOLAN.

555 933 634 972 ibid.
663 935 982 986 Πενταιιισχίλιοι
1007 935 1210 981 τάλαντα)
1233 933 1763 989 ἘπιτραγῳὲεῗΤΙιθεΙὲεηεε.

502 986 694 1039 Peregrini
720 990 821 1027 enim
845 988 1069 1034 facultates,
1095 1000 1137 1028 ut
1169 988 1212 1027 ἐκ.
1234 988 1307 1027 τῶν
1331 990 1438 1038 μετὰ.
1458 986 1593 1027 ταῦτα.
1614 988 1764 1027 confla-

503 1041 562 1079 bit
573 1071 585 1086 ,
605 1050 670 1081 xv
683 1042 824 1081 talenta
836 1055 915 1082 non
927 1041 1215 1094 exsuperabant.
1230 1041 1385 1082 FAnm.
1401 1040 1685 1093 ‘Tor-epdomada
1699 1041 1762 1080 In-

500 1091 615 1134 ferius
632 1095 824 1135 Lucianus
845 1109 877 1135 c.
907 1109 954 1144 14
969 1095 1256 1141 mutuatissime.
1276 1099 1456 1135 τάλαντα,
1469 1095 1572 1134 dixit.
1590 1094 1763 1137 GUYET.

555 1150 631 1188 ead.
653 1151 676 1189 l.
699 1163 755 1198 14.
771 1149 861 1187 Ἀπὸ
881 1172 924 1181 --
940 1149 1068 1201 ἑκβλ.)
1088 1149 1187 1188 Vide
1208 1161 1292 1202 cap.
1315 1149 1375 1189 18.
1392 1149 1550 1189 SOLAN.

555 1205 633 1241 ead.
649 1203 674 1242 l.
694 1217 752 1255 15.
770 1202 825 1252 Τῷ
842 1203 1059 1255 Ὀλυμπίῳ)
1078 1203 1249 1243 Subaudi
1265 1202 1345 1244 Διΐ.
1370 1203 1540 1244 GUYET.

557 1256 649 1310 Pag.
666 1270 753 1308 275.
769 1258 790 1294 l.
812 1270 846 1294 2.
866 1253 917 1296 Οὔ
937 1260 1014 1312 γὰρ
1034 1255 1211 1308 Ἡρακλῆς
1226 1253 1396 1304 οὕτωςς)
1421 1256 1513 1309 Igne
1533 1256 1634 1296 mori
1653 1255 1764 1296 multi

503 1309 712 1362 gloriosum
730 1320 934 1363 putarunt,
959 1312 1056 1350 inter
1070 1323 1173 1362 quos
1194 1312 1307 1350 etiam
1328 1310 1399 1349 fuit
1421 1309 1618 1357 Caunus,
1635 1310 1702 1362 qui
1724 1309 1763 1350 se

502 1364 608 1403 ultro
627 1365 802 1404 incendio
822 1363 964 1404 obtulit
976 1394 990 1410 ,
1007 1377 1097 1404 cum
1112 1365 1188 1403 iam
1211 1365 1310 1403 mori
1331 1364 1560 1405 decreviffet.
1576 1364 1765 1404 Nicolaus

501 1416 765 1457 Damascenus
791 1417 832 1457 δι
851 1417 1102 1470 philosophus
1127 1418 1166 1458 δι
1192 1417 1392 1458 historicus
1417 1416 1542 1459 scribit
1561 1447 1572 1464 ,
1598 1430 1620 1457 a
1643 1416 1680 1459 se
1703 1418 1763 1456 vi-

500 1470 582 1510 sum
607 1473 958 1524 Zarmanochegam
981 1471 1143 1518 Indum,
1167 1472 1233 1523 qui
1256 1471 1344 1511 satis
1365 1471 1584 1511 fortunatus
1603 1471 1767 1512 Athenis

501 1522 539 1563 se
554 1526 764 1572 cremavit,
786 1527 892 1578 quod
912 1525 1064 1565 abunde
1079 1525 1245 1565 vixisset:
1268 1526 1306 1564 in
1327 1526 1439 1565 cuius
1455 1524 1609 1565 tumulo
1632 1525 1686 1564 ita
1704 1525 1764 1565 in-

501 1575 682 1629 scriptum
712 1578 805 1626 fuit,
832 1581 1139 1633 Ζοιρμιινοχηγὲις
1161 1578 1272 1619 Ἰνὲὸς
1293 1579 1370 1619 ἀπὸ
1392 1578 1558 1635 Βαργὸης
1580 1581 1688 1624 κατὰ
1708 1580 1767 1618 var.

501 1635 651 1683 πάτριοι
668 1632 804 1678 ’ludiim
829 1629 940 1672 αὑτὸν
965 1632 1250 1672 ἀποθαναιτίσοις
1266 1632 1404 1672 κεῖται.
1419 1632 1564 1673 COGN.

554 1689 628 1725 ead.
641 1687 665 1725 l.
683 1701 715 1739 3.
730 1685 928 1738 Διόνυσος)
943 1686 1054 1729 Unde
1069 1686 1273 1738 Antipater
1284 1685 1462 1728 Sidonius
1480 1688 1526 1727 de
1541 1687 1707 1726 Hercule
1721 1685 1763 1728 &

501 1738 682 1780 Baccho:
704 1762 750 1770 —
767 1739 797 1778 οἱ
812 1739 850 1780 θ’
865 1741 942 1779 ἀπὸ
954 1741 1071 1795 ’γαίης
1088 1740 1210 1780 Ἦλθον
1227 1740 1264 1780 ἐς
1278 1739 1484 1781 ἀθανάτους
1500 1739 1541 1780 ἐκ
1560 1744 1673 1792 ’.τυρὸς
1686 1741 1764 1791 Zela·

499 1793 658 1845 φότεροι.
682 1793 842 1834 FABER.
863 1793 926 1833 De
948 1793 1179 1845 Aesculapio
1200 1795 1275 1834 vid.
1302 1800 1346 1833 Θ.
1371 1800 1417 1835 Δ.
1437 1794 1548 1836 XIII.
1573 1793 1636 1834 De
1665 1794 1763 1834 Bac·

498 1847 575 1887 cho
588 1847 681 1900 quid
695 1847 829 1888 afferat
849 1847 898 1888 T.
918 1847 1055 1897 Faber,
1078 1847 1207 1900 legisti.
1229 1848 1312 1901 Ego
1331 1848 1422 1887 alibi
1446 1849 1492 1888 de
1513 1861 1564 1888 eo
1584 1861 1646 1891 me
1663 1848 1764 1900 lege·

499 1913 542 1940 re
562 1902 655 1940 nihil
675 1902 850 1950 memini,
870 1913 1018 1954 praeter
1040 1901 1276 1943 combustam
1296 1901 1454 1941 fulmine
1479 1914 1637 1941 matrem
1653 1933 1664 1949 ,
1691 1903 1764 1941 ser·

499 1965 716 2049 gratumque
738 1969 759 1996 a
788 1955 887 1996 love
912 1955 1120 2004 infantem3
1144 1969 1213 1997 nec
1239 1957 1286 1997 ad
1310 1956 1414 1996 aliud
1434 1956 1551 1997 alludi
1574 1956 1761 1998 existimo.

512 2019 660 2050 νοιΑΝ.
1564 2023 1568 2027 ’

552 2067 626 2104 ead.
649 2065 675 2103 l.
692 2078 729 2113 4.
744 2063 957 2118 Θεαγένης)
975 2063 1227 2117 Philosophus
1249 2063 1439 2115 Cynicus.
1457 2063 1617 2105 FABER.

551 2122 628 2159 ead.
649 2120 673 2158 l.
691 2132 723 2170 ς.
745 2117 856 2157 Τοῦτο
879 2119 957 2172 γὰρ
987 2140 1032 2148 -
1060 2117 1265 2170 ἐκαλεῖτο)
1289 2118 1352 2158 Sic
1371 2119 1414 2157 δι
1437 2118 1558 2170 Long.
1582 2116 1676 2158 Past.
1701 2117 1737 2159 Π
1750 2147 1767 2164 ,
1834 2138 1835 2144 ¹

498 2184 586 2226 pag.
613 2186 666 2223 74
689 2172 748 2212 ed.
769 2172 882 2225 Iung.
905 2172 947 2212 &
969 2170 1043 2222 lv,
1069 2186 1139 2211 112
1163 2171 1222 2211 ed.
1239 2171 1349 2212 Moll.
1370 2169 1467 2213 Item
1489 2171 1660 2224 Alciphr.
1677 2171 1782 2237 111²⁸

499 2237 587 2278 pag.
611 2226 704 2274 406.
728 2226 872 2267 Rmz.

554 2282 628 2318 ead.
651 2280 673 2318 l.
699 2293 736 2332 9.
760 2279 872 2332 Πῶς)
892 2279 1006 2319 Haud
1032 2279 1140 2319 facile
1160 2279 1380 2318 crediderim
1393 2309 1404 2326 ‚
1425 2278 1640 2319 Lucianum
1654 2308 1667 2323 ,
1682 2288 1763 2319 tam

500 2331 697 2373 curiosum
729 2334 768 2373 ἃ
791 2335 867 2373 iam
890 2332 1204 2386 philosophorum
1226 2346 1350 2372 acrem
1370 2332 1643 2384 specLatorem,
1657 2333 1764 2384 igno-

499 2386 618 2437 taffe,
648 2400 749 2440 quae
771 2386 1006 2441 Olympiade
1036 2389 1213 2441 proxime
1235 2387 1482 2429 antecedente
1507 2399 1529 2425 a
1556 2385 1770 2441 Peregrina
