1783 3403
380 165 467 210 IN
519 162 1007 210 FUG1T1vos.
1241 180 1323 229 591

63 262 124 292 tea
144 250 423 304 Poneropolis,
445 253 483 292 δι
502 252 747 305 Pulpudena‚
774 251 814 292 &
829 250 1073 301 Eumolpias,
1093 251 1160 291 fita
1183 253 1228 291 ad
1251 255 1334 293 He-

64 307 178 345 brum
196 307 293 345 inter
314 306 505 345 Haemum
529 307 571 347 δι
594 306 838 358 Rhodopen,
858 319 958 358 quae
970 306 1234 345 Trimontium
1259 321 1332 346 vo-

64 371 149 399 cata
177 359 229 398 est
259 372 332 406 eo,
360 360 466 412 quod
491 371 566 399 tres
600 371 751 399 montes
775 359 931 401 suorum
956 373 1157 400 murorum
1181 361 1330 401 ambitu

66 411 406 464 complectebatur.
429 413 562 452 PALM.

118 467 193 505 ead.
216 467 240 504 l.
270 480 280 504 ι
295 480 325 505 1.
343 464 462 506 Ὥστε
479 465 542 506 οὐκ
562 465 607 505 ἂν
624 466 781 517 φθάνοις
794 465 1002 520 κηρύττων)
1023 466 1087 506 Αη
1102 465 1303 519 legendum
1317 498 1329 516 ‚

62 514 165 558 ὥστε
178 520 218 558 τί
236 516 301 558 adn
323 520 368 560 ἂν
388 519 540 571 φθάνοις
560 525 770 572 scripura-im
792 520 964 560 GUYET.
995 521 1085 560 Non
1112 533 1198 573 eget
1219 522 1330 561 locus

63 572 357 622 emendatione,
383 575 422 613 &
449 573 550 612 refile
574 586 761 627 ceperunt
778 574 1013 626 interpretes.
1038 574 1125 614 Vid.
1152 575 1259 625 supra
1283 576 1330 615 ad

65 626 148 665 Vit-
169 625 284 666 Αυᾶ.
297 639 331 666 c.
348 627 412 674 26,
432 627 471 666 δι
487 626 609 667 Gron.
625 627 671 666 ad
688 627 781 666 Diff.
796 640 884 667 cum
902 628 989 667 Hes.
1009 640 1042 667 c.
1054 627 1092 666 8.
1110 627 1211 666 [nfra
1224 628 1332 668 Con·

65 679 147 718 viv.
171 693 204 720 c.
223 695 242 719 2
256 711 268 728 ,
288 680 388 720 ὥστε
406 679 471 720 οὗκ
484 682 529 720 ἂν
546 681 699 731 φθάνοις
713 679 842 720 ἑστιῶν
858 679 968 729 ἧμᾶς.
994 682 1064 720 Sed
1083 695 1172 721 cum
1192 683 1232 721 δι
1253 682 1328 734 ipse

64 732 248 784 Guyetus
272 733 473 774 leftionem
499 735 634 786 prioris
665 733 768 773 istius
797 735 873 774 loci
901 734 1003 774 isthic
1032 736 1222 786 probarit,
1251 749 1332 777 non

64 787 220 827 videtur
242 787 431 840 ignorasse
445 787 591 841 phrasin
605 819 617 835 ,
639 786 700 826 sed
722 788 783 828 hic
803 798 950 826 tantum
966 788 1241 842 interrogative
1258 803 1332 830 vo·

63 841 136 880 luit
151 840 278 880 addito
290 842 331 881 τί
352 842 447 895 legi;
466 844 575 881 cuius
599 841 740 880 nullam
762 841 1013 881 neceffitatem
1029 843 1155 882 video.
1177 844 1331 884 Verum

64 895 107 934 δι
120 894 208 933 alibi
218 895 332 934 etiam
345 908 366 934 a
379 897 413 935 le
423 895 799 946 diffentitGuyetus;
814 896 887 934 vid.
903 908 992 935 mox
1007 896 1051 934 ad
1063 910 1094 936 c.
1111 911 1170 948 29.
1181 897 1331 939 ΚΕΗ-Ζ.

120 949 211 1001 Pag.
227 962 316 998 227.
336 949 361 988 I.
381 962 417 988 2.
442 948 667 1001 Κτήσωνας)
697 948 936 990 Pofidonios.
954 980 962 989 .
976 979 985 988 .
1005 960 1070 989 aut
1094 949 1332 1003 poffifundos

66 999 192 1042 Gron.
204 1001 294 1042 AG.
309 1003 370 1048 X,
392 1016 467 1042 220
487 1003 529 1042 E.
548 1003 706 1042 somn.

118 1058 193 1094 ead.
208 1057 232 1094 I.
250 1055 286 1095 8.
312 1057 382 1094 Κοιί
405 1071 490 1095 τινα
507 1055 677 1110 ’γυναῖκα
692 1057 727 1096 ἐν
751 1055 834 1109 χρῷ
849 1058 1072 1108 κεκαρμένην
1093 1057 1143 1097 εἰς
1155 1060 1199 1097 τὶ)
1214 1059 1330 1111 Aeta.)

65 1108 249 1160 Exposuit
263 1110 364 1150 hunc
376 1110 503 1150 locum
517 1109 708 1150 Meurfius
721 1109 932 1149 Miscellan.
945 1111 987 1149 L.
1002 1111 1032 1157 1,
1044 1125 1075 1151 c.
1094 1113 1147 1151 16.
1164 1114 1333 1154 ALMEL.

65 1163 154 1201 vid.
171 1162 310 1203 Meurs.
333 1165 369 1202 in
389 1163 498 1203 Misc.
518 1164 604 1203 Lac.
623 1163 662 1210 Ι,
687 1164 753 1210 16,
776 1177 812 1215 p.
829 1165 893 1213 76.
919 1163 1129 1217 (Respexit
1145 1166 1189 1204 ad
1208 1167 1332 1207 Laco-

65 1228 159 1256 num
182 1230 357 1266 morem,
384 1230 466 1270 quo
492 1218 530 1257 &
557 1218 725 1270 virgines
754 1218 1043 1257 matrimonium
1077 1218 1263 1266 initurae,
1287 1232 1331 1261 ut

66 1271 233 1310 amiculo
249 1271 348 1311 virili
373 1284 394 1310 a
417 1271 593 1323 pronuba
608 1270 874 1319 induebantur,
898 1272 949 1309 ita
968 1284 1127 1324 quoque
1140 1273 1184 1311 ad
1199 1285 1329 1315 cutem

67 1324 279 1377 usque,ficuc
293 1326 372 1373 viri,
391 1327 602 1365 radebantur.
616 1323 714 1364 Plut.
729 1325 768 1364 in
783 1324 964 1376 Lyc-vid.
981 1337 1063 1364 not.
1078 1326 1124 1364 ad
1138 1330 1173 1365 B.
1185 1342 1245 1379 πρ.
1265 1341 1331 1376 20,

67 1377 246 1418 &Ima
263 1379 376 1432 XII.)
400 1378 559 1419 SOLAN.

118 1434 192 1472 ead.
207 1434 230 1472 l.
244 1446 280 1484 9.
297 1432 353 1472 Εἰς
366 1436 411 1472 ‘rb
427 1431 652 1486 Λακωνικὸν)
667 1430 814 1485 Σχῆμα
827 1430 1002 1479 subaudi,
1013 1443 1083 1471 aut
1096 1431 1213 1472 simile
1223 1435 1329 1486 quid.

65 1485 238 1528 Guvtr.
254 1484 349 1526 Ἴ-ῐθος
362 1488 568 1527 commode
581 1486 822 1539 intelligitur.
847 1485 1000 1525 Phrasin
1023 1487 1183 1527 eandem
1197 1488 1334 1534 habui-⁴

67 1553 152 1580 mus
164 1540 306 1594 Navig.
322 1553 354 1580 c.
371 1554 442 1593 30,
465 1541 502 1580 ἐς
517 1544 562 1580 το
578 1540 766 1593 Περσικόν.
792 1539 942 1580 Rn'rz.

117 1597 194 1634 ead.
213 1596 235 1634 l.
257 1609 315 1634 12.
340 1593 423 1634 Πῶς
443 1597 498 1634 τὰ
518 1594 702 1646 ὑμέτεροι;
719 1592 913 1646 span-{ut
936 1593 1046 1647 γὰρ)
1072 1594 1158 1642 An,
1172 1595 1257 1634 Πῶς
1275 1599 1330 1637 τὲ

66 1645 249 1700 ὑμέτερος
278 1653 368 1688 ΦΙΛ.
395 1651 600 1700 Apuani-rou
618 1652 711 1702 γάρ.
739 1648 927 1687 MARcu..
955 1653 1044 1687 ΦΙΛ.
1066 1650 1219 1702 Apum)
1241 1649 1331 1689 Per·

66 1702 219 1742 turbata
245 1702 308 1742 hic
328 1703 606 1749 erantomnia‚
630 1703 668 1741 δι
684 1730 695 1749 ,
712 1712 756 1741 ut
777 1713 896 1754 puto,
922 1714 1123 1754 corrupta;
1149 1716 1234 1742 nam
1259 1716 1330 1745 nec

67 1756 265 1797 Mercurio
289 1757 562 1809 praeconium,
589 1769 660 1796 nec
687 1757 821 1795 ceteris
845 1755 931 1796 suae
949 1757 1088 1808 cuique
1115 1755 1199 1796 satis
1225 1757 1330 1798 reae

66 1821 193 1862 partes
211 1809 455 1864 affignantur.
476 1811 706 1850 Medicinam
721 1810 884 1864 aliquam
899 1808 985 1850 fecit
1002 1811 1197 1850 Marcilius
1209 1839 1218 1857 ‚
1237 1812 1330 1852 dum

67 1869 155 1903 ΦΙΛ.
185 1865 297 1916 ponit
321 1875 410 1904 ante
429 1865 653 1915 Δραπέται,
677 1864 783 1917 quod
808 1864 845 1903 in
868 1865 1024 1915 reliquis
1048 1865 1197 1912 deerat,
1223 1865 1330 1917 quod

66 1918 286 1972 exemplum
310 1917 416 1970 sequi
442 1920 482 1958 S.
508 1919 691 1958 editorem
719 1919 910 1959 decuerat.
933 1916 1091 1957 SOLAN.
1111 1917 1210 1958 Cum
1235 1920 1332 1960 illud

66 1976 158 2011 ΦΙΛ.
185 1972 325 2012 abesset
349 1972 387 2011 in
410 1973 612 2020 omnibus,
641 1982 790 2023 praeter
813 1973 896 2011 Par.
920 1973 1119 2012 admittere
1139 1972 1258 2012 nolui.
1281 1973 1331 2013 Et

63 2023 157 2066 sane
174 2037 312 2066 contra
333 2038 450 2079 quam
471 2027 668 2066 Marcilius
688 2025 818 2066 sentio.
847 2026 988 2066 Melius
1002 2028 1101 2066 enim
1125 2027 1339 2076 cohaeret,

66 2078 219 2120 eosdem
246 2079 313 2120 sua
335 2079 605 2133 investigantes
626 2081 816 2120 rationem
840 2081 995 2129 addere,
1015 2092 1086 2120 cur
1101 2081 1162 2119 alii
1177 2082 1329 2121 nullum

65 2134 126 2173 ius
142 2133 179 2173 in
198 2133 287 2174 suos
303 2133 348 2174 sit
368 2133 552 2187 fugitivos
566 2165 577 2181 ‚
600 2147 715 2186 quam
733 2135 848 2174 alium
865 2135 959 2174 haec
982 2134 1163 2174 subiicere
1179 2149 1187 2173 :
1214 2136 1330 2187 idque

65 2199 116 2227 ex
143 2188 272 2229 addito
293 2190 372 2242 γὰρ
395 2200 508 2241 patet.
535 2188 646 2241 Quin
671 2190 722 2227 ita
751 2189 812 2228 vel
834 2193 919 2227 ΦΙΛ.
943 2189 1170 2228 eiiciendum
1197 2187 1330 2228 suade-

68 2254 150 2280 rem
166 2272 179 2289 ,
205 2241 233 2282 fi
255 2242 392 2282 adeffet
412 2244 450 2282 in
471 2243 565 2282 aliis.
589 2243 637 2282 Et
661 2242 749 2282 licet
772 2244 809 2281 in
834 2241 994 2282 Graecis
1015 2242 1171 2291 adesset,
1193 2244 1234 2282 in
1257 2243 1330 2283 La-

67 2296 157 2335 tinis
180 2306 308 2336 tamen
329 2297 444 2336 etiam
470 2295 720 2349 praetermisit
741 2296 988 2336 Birkheimer.
1012 2296 1159 2335 Rzrrz.

123 2353 197 2388 ead.
219 2351 245 2389 l.
267 2363 323 2403 ις.
346 2349 501 2391 [iescae
520 2350 566 2389 ‹st
589 2350 736 2397 καθότι)
765 2349 1082 2390 Obscuriusculus
1103 2352 1150 2390 ab
1171 2350 1248 2390 hoc
1269 2351 1328 2390 in·

70 2403 116 2443 de
133 2403 222 2443 loco
232 2403 384 2444 libellus
394 2406 446 2444 ob
462 2417 546 2444 eam
560 2436 571 2452 ,
583 2417 678 2457 puto
690 2436 700 2451 ,
715 2406 900 2444 rationem
911 2435 924 2450 ‚
937 2405 1040 2457 quod
1053 2403 1234 2456 personae
1248 2417 1328 2444 nou

69 2455 156 2498 satis
174 2458 374 2512 diligenter
396 2458 592 2513 appositae
614 2458 724 2500 sunt:
747 2460 851 2513 quod
867 2471 908 2499 ut
923 2459 1170 2512 intelligatur,
1191 2457 1331 2512 scopus
