1783 3403
293 250 365 296 IN
399 248 729 296 ADVERSUS
763 249 1124 298 INDOCTUM.
1262 271 1350 318 373

89 348 178 378 λων.
199 335 246 377 C.
261 337 373 378 etiam
384 367 395 384 ‚
421 336 491 376 nisi
504 337 609 389 quod
628 336 765 376 τούτου
779 350 851 388 pro
867 335 1004 384 τοῦτο,
1025 338 1132 390 quod
1149 338 1188 378 in
1204 340 1359 394 reliquis

88 390 155 430 est.
171 390 243 429 Sed
262 391 460 443 legendum
474 393 623 438 πολιὴν,
638 402 716 429 non
727 392 873 430 πέλιον.
893 390 1053 430 somn.

147 445 239 495 Pag.
259 457 314 496 19.
327 445 351 482 l.
370 457 402 495 3.
415 443 590 495 Τήμερον)
617 444 735 496 Usque
754 446 901 483 adhunc
918 445 1016 484 diem.
1040 444 1211 485 GUYET.

145 499 218 535 ead.
232 498 255 535 l.
273 497 310 536 6.
322 497 397 536 Τῶν
414 499 476 536 καὶ
491 497 553 535 ἐπ’
569 496 804 550 ἐλάχιστον)
825 497 869 536 In
879 498 960 537 edd.
974 498 1104 538 aberat
1119 500 1183 538 καὶ
1197 511 1284 539 ante
1297 501 1359 541 ἐπ’

89 550 325 603 ἐλάχιστον,
339 551 445 602 quod
458 550 667 590 addidimus
678 550 847 590 fide-Mn.
861 551 983 604 Regg.
1004 566 1107 605 2954
1119 554 1158 592 δι
1176 566 1244 606 301
1259 568 1272 592 1
1282 584 1292 591 .

144 606 218 642 ead.
235 605 258 642 l.
277 618 336 643 10.
352 604 430 650 Μὴ)
453 604 553 655 Lege
576 602 642 643 πῆ.
667 604 825 644 SOLAN.

88 710 118 752 S
145 660 220 696 ead.
240 658 263 698 I.
285 671 344 710 ¹3·
366 657 472 708 Κᾴμὲ
488 658 597 710 Σύρον
617 657 736 712 ὄντα)
764 658 888 710 Syrus
908 669 1003 712 ergo
1027 658 1070 699 δι
1090 659 1152 699 ille
1167 659 1355 701 indoaus.

121 721 253 751 οιΑΝ.

148 764 238 816 Pag.
255 777 317 804 20.
333 764 356 802 l.
372 764 409 804 6.
420 763 726 818 Ἐκκεκραγέναι)
746 764 904 805 Delerat
920 766 962 805 ἐκ
977 764 1154 811 solanus,
1172 780 1360 820 praeeun-

89 827 130 857 te
141 818 196 856 Η.
212 817 391 859 Facerem
404 817 519 864 idem,
533 819 560 856 sl
575 820 700 871 plures
715 820 943 867 addicerent,
961 820 1029 859 etsi
1044 820 1165 872 poffes
1178 821 1359 874 ἐγκεκρα-

89 871 205 937 qima
221 872 435 918 coniicere,
458 873 562 923 quod
584 872 717 911 fimilia
740 873 958 925 frequentet
973 873 1126 921 Noster,
1148 886 1190 913 ut
1207 873 1360 925 ὲμβοᾷν,

90 924 280 979 εμφαιγεῖν
296 925 371 965 &c.
388 924 459 964 Sed
473 927 560 978 quia
577 925 690 979 supra
703 927 747 966 de
759 927 928 967 Merced.
942 927 1071 967 Cond.
1096 928 1111 977 §
1131 928 1179 967 28
1199 942 1360 981 quoque

90 980 275 1033 χερσαίου
291 979 494 1032 βατράχου
511 979 617 1019 <fiam
634 979 816 1030 θιψκῖῐντα,
835 982 1077 1035 κεκραγέναι,
1105 995 1228 1035 neque
1250 996 1360 1022 com-

89 1031 262 1126 poslttkm
286 1032 551 1087 ἐκκεκραγέναι
579 1035 618 1072 in
638 1034 783 1074 Nostro
806 1034 1036 1083 observavi,
1061 1034 1206 1076 Solano
1234 1036 1360 1076 assen-

91 1098 181 1127 tior.
245 1097 352 1125 Errz.

146 1140 276 1180 ibid.''H
289 1140 364 1193 μὴ)
380 1140 448 1179 Καὶ
459 1137 526 1190 μή.
542 1139 713 1181 GUYET.
734 1140 864 1181 Probo
874 1157 886 1190 3
902 1141 961 1181 sed
977 1155 1024 1182 ne
1036 1141 1113 1182 fine
1127 1143 1359 1185 au&0ritate

89 1193 279 1234 librorum
296 1193 448 1248 graffari
464 1195 609 1243 videar,
622 1195 825 1247 vulgatum
837 1196 1006 1235 exhibui.
1030 1197 1174 1236 Rmz.

148 1250 223 1287 ead.
236 1249 260 1287 l.
270 1263 306 1302 9.
320 1248 581 1301 Βασιλεῖτινι)
592 1251 649 1287 Μ.
664 1250 809 1288 Aurelio
819 1264 836 1296 ;
848 1251 1013 1288 eruditum
1027 1251 1126 1289 enim
1142 1252 1259 1303 paulo
1273 1251 1359 1304 post

93 1301 186 1342 dicit
201 1314 235 1342 c.
252 1316 312 1345 22.
337 1302 555 1353 Sapientem
571 1303 684 1342 etiam
704 1304 781 1342 «Sic.
800 1305 906 1355 quod
927 1304 965 1342 &
982 1317 1002 1342 a
1017 1304 1223 1344 Scholiaste
1240 1306 1361 1357 probe

91 1354 218 1395 fuerat
230 1355 549 1402 animadversum,
567 1369 684 1408 quem
696 1357 786 1396 vide
801 1370 822 1396 a
837 1370 898 1396 me
910 1357 1166 1397 emendatum.
1194 1358 1362 1399 Praeter-

91 1421 139 1450 ea
154 1409 238 1462 post
248 1409 438 1462 Peregrini
451 1421 615 1448 mortem
637 1409 796 1463 scripta;
820 1412 908 1450 vide
922 1410 1044 1464 supra.
1071 1411 1231 1452 SOLAN.

149 1467 225 1504 ead.
238 1463 263 1502 l.
286 1476 344 1503 ιο.
357 1462 398 1502 ‘0
411 1462 769 1516 ψευδαλέξανδρος)
781 1464 850 1504 Ille
855 1465 961 1517 sortis
972 1477 1135 1505 extremae
1149 1466 1293 1513 iuvenis,
1302 1467 1361 1519 qui

95 1518 223 1569 Syriae
236 1531 372 1569 regnum
383 1518 477 1556 velut
482 1529 657 1568 paternum
680 1517 884 1571 (Antiochi
899 1519 1103 1571 Epiphanis
1119 1518 1240 1559 filium
1258 1533 1364 1559 men-

92 1571 204 1625 titus)
210 1573 328 1667 c{mis
342 1582 491 1624 repeteret
512 1584 534 1610 a
551 1570 754 1612 Demetrio
766 1572 914 1613 Sotere.
933 1574 1021 1613 Vid.
1038 1573 1167 1614 lustin.
1183 1574 1361 1623 XXXV,

94 1638 132 1675 1,
149 1626 186 1666 6.
252 1637 340 1665 esu.

146 1680 227 1720 ibid.
238 1679 632 1730 Καὶψευὲοφίλιτπος
643 1679 774 1720 ἐκεῖνος
787 1679 961 1733 κναφεὺς)
980 1681 1172 1721 Ammian.
1191 1682 1230 1721 L.
1244 1682 1362 1732 XIV,

93 1746 128 1775 c.
147 1747 214 1789 19,
236 1735 349 1774 etiam
368 1734 470 1773 hunc
484 1733 844 1787 Pseudophilippum
862 1736 900 1773 in
916 1734 1082 1775 fullonio
1102 1748 1232 1775 natum
1253 1735 1364 1776 testa·

95 1799 172 1828 tur.
199 1790 321 1835 Haec,
345 1789 490 1841 inquit,
504 1787 652 1840 fimana
665 1789 838 1827 mutabilis
855 1789 890 1827 6¹
907 1789 1190 1842 inconstansfifcit
1203 1791 1365 1842 Agatho-

93 1843 176 1883 clem
188 1843 340 1882 Siculum
357 1858 400 1881 ex
408 1843 520 1895 figulo
542 1857 658 1895 regem,
677 1843 711 1880 δ’
722 1843 934 1896 Dionysium
954 1845 1100 1896 gentium
1118 1847 1285 1897 quondam
1300 1858 1364 1883 ter-

93 1912 215 1942 rorem,
231 1897 384 1936 Corinthi
401 1897 547 1935 literario
566 1898 645 1936 ludo
660 1896 832 1948 praefecit.
858 1896 959 1936 Haec
971 1899 1259 1951 Adramyttenum
1279 1902 1357 1937 An-

95 1950 243 2002 drifium
256 1949 447 2003 infhllonio
458 1962 589 1995 natum,
602 1953 649 1989 ad
657 1949 934 2004 Pseudophilippi
946 1966 1063 1990 nomen
1075 1953 1198 1990 evexit.
1214 1953 1255 1990 L.
1265 1952 1363 1992 BOS.

95 2003 433 2055 Ψευέοφίλιστπος)
451 2004 658 2044 Andriscus
679 2005 740 2043 ille
754 2035 768 2051 ‚
791 2005 846 2043 vir
866 2005 1003 2044 ultimae
1018 2005 1122 2056 fimis
1145 2007 1245 2058 apud
1262 2005 1365 2045 Flor.

94 2058 155 2105 11,
174 2072 235 2107 14,
252 2058 518 2112 3‚s1veflirpis.
535 2059 637 2098 Vell.
651 2057 730 2097 Par.
744 2057 762 2096 I
775 2088 785 2104 ‚
806 2071 867 2106 11,
888 2060 998 2110 1‚qui
1013 2060 1116 2110 quod
1134 2060 1253 2112 vulgo
1268 2063 1366 2112 exfi-

96 2112 282 2152 militudine
295 2113 446 2166 Philippi
460 2111 599 2165 (Persei
619 2112 869 2153 Macedoniae
890 2113 987 2164 regis
1000 2111 1088 2165 filii)
1107 2113 1367 2166 Pseudophilip-

92 2180 164 2219 pus
179 2168 386 2213 vocabatur,
405 2167 529 2218 regiam
543 2165 710 2217 fhrmam,
725 2167 850 2218 regium
866 2182 983 2206 nomen
1003 2168 1116 2206 animo
1134 2183 1259 2220 quoque
1278 2168 1369 2221 regio

96 2221 262 2316 ἱὶιζηῖἰενὶι.
283 2219 484 2272 Inficllonio
495 2232 614 2259 natum
628 2221 741 2260 etiam
758 2221 989 2260 Ammianus
1009 2221 1257 2261 Marcellinus
1280 2223 1368 2267 dicit

162 2275 215 2322 V,
240 2289 255 2313 1
268 2288 299 2314 1.
317 2274 446 2315 stN.

153 2329 258 2367 ead.l.
273 2342 288 2367 1
302 2342 333 2366 1.
349 2327 602 2379 ΨευΣονέρων)
614 2327 680 2368 De
692 2326 1052 2368 Pseudoneronibus
1067 2328 1188 2368 tribus
1202 2328 1283 2369 vid.
1295 2328 1369 2369 Ca·

96 2380 294 2422 saubonus
306 2382 352 2420 ad
364 2381 536 2422 Suetonii
549 2382 747 2422 Neronem
763 2394 993 2422 extremum.
1021 2382 1152 2422 GESN.

151 2435 232 2477 ibid.
248 2435 317 2474 Καὶ
328 2437 362 2475 εἲ
376 2451 436 2475 τις
446 2434 566 2475 ἄλλος
580 2434 651 2475 τῶν
667 2434 738 2475 ὑπὸ
752 2439 796 2476 τὸ
809 2434 954 2485 ψεῦὃος
966 2436 1229 2488 ταττομένων)
1245 2436 1369 2477 Bene-

97 2488 235 2536 dicius,
257 2489 314 2541 qui
329 2490 500 2529 mendacio
507 2489 638 2541 subditi
649 2489 745 2541 fimt-
769 2489 896 2536 Cedo,
909 2502 1010 2542 quos
1024 2490 1116 2529 tales
1132 2490 1338 2542 intelligam
1352 2488 1371 2528 ἓ·

95 2542 212 2600 Quin
225 2544 339 2588 etiam
350 2555 440 2586 cum
453 2543 716 2586 conditionem
731 2542 946 2585 huiusmodi
958 2544 1081 2637 inanit
1095 2543 1246 2592 annor,
1262 2542 1369 2588 usurg

996 2631 1009 2638 -
1048 2610 1069 2638 a
1101 2612 1119 2650 3
