1835 3408
424 86 517 151 598
583 87 1097 139 ANNOTATIONES
1118 93 1191 139 IN
1209 95 1572 149 FUGIT—IVOS.

419 181 468 220 de
483 192 608 224 morte
623 184 772 238 Pet-egr.
795 196 910 237 atque
929 186 976 227 de
990 187 1255 230 adulterorum
1275 190 1346 232 hac
1369 206 1495 246 poena
1513 196 1622 237 Voff.
1639 190 1688 239 ad

420 234 563 276 Catull.
588 252 625 290 p.
650 253 713 287 41.
737 239 885 279 Rzrrz.

479 291 559 330 ibid.
573 293 630 329 Τὲι
644 292 798 346 πρῶτα)
813 292 918 332 Male
932 291 1026 333 haec
1045 293 1230 348 scriptura
1249 296 1373 338 habet.
1390 299 1582 352 Suspicor,
1602 304 1689 345 scri-

419 354 529 395 ptum
553 344 664 386 fuisse
686 349 750 386 ‘tbv
776 346 953 396 πρωκτόν.
985 347 1048 388 De
1065 350 1360 402 παρατίλλομαι
1391 353 1534 394 dietum
1559 356 1613 397 est
1636 358 1685 399 ad

421 401 539 438 Μισό.
563 412 596 438 c.
615 415 676 453 33.
702 400 860 441 SOLAN.

475 451 569 504 Pag.
586 467 672 506 334.
694 456 717 491 l.
735 466 767 493 1.
791 454 987 503 Γυναικείᾳ
999 453 1049 504 τῇ
1068 456 1209 511 πίττῃ)
1229 458 1415 499 Nondum
1442 460 1574 502 inveni
1593 463 1687 504 πίτ.

355 541 357 544 .
419 517 493 544 ταν
518 509 750 558 γυναικείαν,
773 521 873 561 quae
896 508 996 548 forte
1015 510 1183 551 deterior
1206 512 1268 563 pix
1291 512 1425 560 fuerit,
1455 527 1498 554 ut
1517 528 1573 555 tus
1590 517 1687 572 mas-

416 560 534 598 culum
563 559 616 599 est
644 561 918 613 praestantius,
947 575 1071 615 neque
1098 565 1197 617 apud
1232 564 1521 616 Dioscoridem,
1555 582 1685 623 neque

416 613 518 664 apud
533 613 691 653 Plinium
704 645 714 662 ‚
735 615 913 656 aliumve.
937 616 1071 669 Itaque
1088 617 1189 657 forte
1201 631 1283 658 earn
1299 620 1568 673 intelligemus,
1583 637 1683 678 quae

416 665 495 705 iam
521 667 687 707 adhibita
709 668 762 707 est
779 670 825 708 ad
855 681 986 722 turpes
1010 670 1099 709 usus
1119 672 1157 710 in
1180 671 1333 712 femina.
1355 674 1486 715 Gesn.

471 722 545 759 ead.
563 722 585 760 l.
603 736 638 769 4.
662 720 737 762 Τῶν
759 722 951 777 τραγικῶν
973 723 1021 762 σὺ
1041 723 1270 778 ἓιοιλόγων)
1293 728 1456 768 Videtur
1479 730 1525 769 ad
1543 730 1686 772 librum

417 774 461 814 δι
482 774 612 814 locum
635 776 716 815 eius
732 806 741 820 ,
767 790 882 830 quem
908 778 1090 826 traducit,
1113 778 1323 831 respicere,
1346 783 1498 837 tragicis
1520 784 1686 831 eiusmo-¹

416 827 454 868 di
478 828 817 871 lamentationibus
842 831 1059 872 ridiculum.
1088 831 1221 874 GESN.

1828 3249 1835 3261 ι

915 3387 958 3397 ”4’
989 3383 1108 3408 ’ἢίλ
1363 3392 1366 3393 ’
1477 3399 1480 3402 -
1539 3398 1624 3408 ‚„..-
1651 3338 1835 3408 «ΔΛ
