1835 3408
447 181 532 237 308
752 176 1396 223 LUCIANI

520 282 686 320 ΑΠΟΛ.
725 268 1069 332 Μελαγχολιάν
1106 291 1200 318 τινα
1231 263 1352 329 ὃεινην
1382 265 1540 334 λεγεις.
1574 267 1712 338 ati-rag

445 347 557 404 ουτος
576 370 631 412 γε
656 353 748 400 τίνα
772 369 873 399 ποτε
902 346 992 419 ἄρα
1008 372 1074 408 την
1095 354 1231 400 αἰτίαν
1248 346 1355 412 ἔσχε
1376 374 1446 410 της
1466 351 1712 421 ὲπιθυμιας,

519 445 667 480 ΖΕΥΣ.
704 428 842 479 Αὐτου
875 450 938 478 σοι
982 427 1110 492 λογον
1151 428 1223 499 ἒρω
1241 466 1253 483 ,
1292 427 1330 480 ‘ov
1367 426 1482 492 ἔλεξε
1512 453 1611 501 προς
1643 454 1712 491 την

446 531 698 580 πανηγυριν,
728 505 1073 602 ἀπολογούμενος
1114 532 1211 580 προς
1241 506 1390 566 αὐτους
1416 501 1519 576 ὑπερ
1551 534 1621 571 της
1644 532 1714 562 τε-

399 611 418 657 3
446 589 606 649 λευτῆς.
645 586 729 650 ἔφη
766 584 882 654 γὶορ,
915 589 1006 652 εἰγε
1044 585 1280 657 μέμνημαι.
1317 585 1471 639 Ἀλλα
1500 594 1561 647 τίς
1608 588 1714 652 αὕτη

445 670 610 732 σπουδή
648 690 836 739 προσεισι
869 665 1160 740 τεταραγμένη
1192 690 1268 718 και
1299 665 1564 739 δακρύουσα,
1600 669 1715 722 πάνυ

447 745 689 816 αὸικουμένῃ
716 749 895 806 ὲοικυῖας
932 751 1109 817 μᾶλλον
1135 740 1179 800 ὁὶ
1209 748 1466 810 Φιλοσοφία
1492 747 1581 800 ἐστὶ
1599 786 1611 804 ,
1636 749 1716 802 καὶ

448 827 629 898 τοῦνομα
661 849 718 893 γε
749 822 895 896 τούμον
931 829 1167 888 ἐπιβοοῖται
1202 827 1539 891 σχετλιάζουσα.
1587 835 1652 885 τί,
1683 827 1718 882 οἷ

451 907 655 975 θύγατερ
674 946 685 963 ,
704 906 915 980 δακρύειςς
943 901 1027 968 ἢτί
1052 907 1340 958 ἀπολιποῦσα
1358 902 1421 959 τον
1449 909 1542 969 βίον
1561 908 1719 971 ἒλῆλυ-

453 997 550 1049 θαςς
574 988 662 1061 ἆρα
684 983 744 1058 μὶ]
775 994 808 1039 οἱ
831 986 988 1039 ἰδιῶται
1012 984 1124 1045 αὖθις
1152 985 1559 1048 ἐπιβεβουλεύκασί
1575 1011 1639 1041 σοι
1661 991 1717 1048 ὡς

453 1095 499 1123 το
521 1068 780 1141 προσθεν,
758 1091 822 1121 οτε
847 1093 910 1120 τον
938 1068 1194 1141 Σωκρατη
1174 1065 1425 1121 απέκτεινοον
1444 1092 1526 1120 υπο
1551 1068 1718 1123 Ἀνύτου

455 1152 788 1243 κατηγορηθέντα
801 1187 812 1205 ,
835 1170 927 1200 ειτα
946 1147 1125 1214 φεύγεις
1145 1146 1217 1199 <lca
1239 1173 1354 1202 τουτο
1374 1147 1547 1207 αὐτούς·
1536 1187 1548 1209 ‚

529 1249 628 1284 ΦΙΛ.
663 1223 802 1283 Ουὸεν
822 1253 1015 1284 τοιουτον,
1041 1235 1072 1280 ὠ
1096 1251 1255 1294 ποοτερ,
1280 1233 1390 1281 ἀλλ’
1410 1231 1545 1281 ἐκεῖνοι
1569 1251 1671 1300 μεν,
1697 1235 1723 1282 ὅ

457 1310 597 1369 πολυς
626 1305 734 1369 λεως
749 1349 760 1366 ,
792 1305 975 1376 ἒπῃνουν,
1000 1333 1076 1361 και
1102 1306 1172 1360 δια
1195 1333 1317 1378 τιμης
1341 1304 1439 1374 ἦγον
1465 1308 1718 1381 αἱδουμενοι,

456 1390 533 1444 καὶ
562 1387 858 1462 θαυμάζοντές
876 1413 933 1459 με
950 1427 960 1445 ,
990 1389 1066 1441 καῖ
1096 1388 1305 1459 μονονουχὶ
1325 1390 1663 1461 προσκυνοῦντες,
1685 1398 1719 1442 εἰ

454 1470 530 1524 καὶ
561 1467 622 1543 fa}
648 1472 816 1545 σφόδρα
845 1475 1028 1535 ξυνίεσαν
1051 1466 1101 1522 ὧν
1121 1468 1312 1539 λέγοιμι.
1341 1475 1374 1522 οἱ
1393 1463 1464 1526 δῖ,
1483 1469 1578 1530 πὸς
1595 1467 1647 1524 ἂν
1665 1473 1720 1523 εἵ-

507 1592 618 1644 Apol.
631 1590 863 1631 Terribilem
883 1589 978 1630 mihi
1007 1589 1299 1629 melancholiam
1321 1602 1462 1630 narras.
1488 1590 1642 1632 Verum
1659 1591 1720 1633 hic

453 1666 571 1706 quam
599 1652 751 1692 tandem
772 1651 872 1691 illius
893 1651 1108 1705 cupiditatis
1130 1650 1284 1691 causam
1308 1651 1462 1692 habuit?

508 1715 587 1767 Iup.
614 1713 736 1768 Ipfius
759 1714 828 1752 tibi
851 1715 1067 1754 orationem
1097 1712 1282 1762 referam,
1312 1727 1429 1767 quam
1453 1714 1495 1754 in
1519 1725 1720 1758 conventu

456 1775 614 1822 habuit,
636 1789 725 1816 cum
746 1774 898 1815 causam
926 1776 1029 1829 apud
1056 1776 1143 1816 illos
1162 1776 1298 1816 mortis
1314 1775 1402 1816 suae
1424 1775 1579 1816 diceret.
1607 1776 1722 1818 Dixit

455 1838 581 1883 enim,
604 1837 632 1876 fi
654 1837 751 1877 bene
770 1838 993 1878 memini...
1019 1837 1091 1877 Sed
1108 1850 1298 1891 quaenam
1312 1838 1378 1878 ista
1391 1849 1575 1880 contente
1587 1839 1634 1880 ad
1646 1853 1720 1880 nos

456 1898 638 1938 accedens
655 1899 878 1952 perturbata
894 1900 937 1939 &
958 1900 1160 1940 lacrimans
1173 1930 1186 1947 ,
1203 1900 1378 1940 iniuriam
1402 1913 1578 1954 magnam
1597 1901 1722 1954 pallae

454 1958 611 2000 similis?
640 1959 752 2012 Quin
774 1960 1016 2015 Philosophia
1039 1960 1114 2010 est,
1139 1963 1180 2002 δι
1204 1974 1348 2002 nomen
1366 1975 1495 2003 meum
1520 1961 1722 2003 miserabili

456 2035 557 2062 voce
584 2022 776 2063 inclamat.
812 2024 942 2076 Quid,
966 2037 1051 2064 mea
1080 2024 1181 2072 filia,
1205 2025 1357 2078 ploras?
1382 2036 1451 2065 aut
1470 2026 1562 2080 quid
1587 2025 1721 2068 relicto

455 2084 586 2124 seculo
614 2085 690 2126 huc
714 2086 878 2128 venisti?
910 2087 1111 2141 Numquid
1136 2088 1264 2128 denuo
1290 2101 1427 2129 contra
1452 2101 1491 2130 te
1513 2089 1721 2131 machinati

458 2145 602 2198 aliquid
624 2145 709 2186 sunt
731 2147 893 2201 imperiti
909 2178 920 2195 ,
946 2160 990 2189 ut
1014 2149 1105 2189 olim
1120 2180 1131 2196 ,
1151 2162 1240 2189 cum
1260 2149 1478 2191 accusatum
1505 2150 1555 2191 ab
1577 2151 1720 2204 Anyto

458 2206 655 2247 Socratem
678 2208 922 2251 interfecere?
944 2220 1029 2251 tum
1050 2222 1092 2251 tu
1113 2221 1319 2264 propterea
1345 2212 1433 2253 illos
1459 2211 1585 2266 fugis?

514 2271 608 2311 Phil.
633 2271 735 2312 Nihil
757 2273 856 2322 tale,
882 2284 1000 2327 pater.
1030 2274 1101 2314 Sed
1119 2273 1171 2312 illi
1203 2274 1384 2327 quidem,
1410 2274 1552 2327 vulgus
1573 2275 1720 2329 promi-

457 2329 593 2371 scuum
606 2364 618 2381 ,
643 2334 847 2374 laudarunt
867 2336 906 2375 δι
926 2336 965 2375 in
977 2336 1127 2375 honore
1151 2348 1211 2375 me
1229 2348 1316 2376 cum
1340 2336 1592 2376 veneratione
1605 2347 1720 2390 atque

457 2393 708 2437 admiratione
742 2397 984 2447 habuerunt,
1019 2411 1063 2438 ac
1096 2408 1247 2437 tantum
1277 2410 1356 2437 non
1387 2398 1618 2446 adorarunt,
1651 2398 1724 2439 etst

457 2466 539 2494 non
563 2456 699 2508 valde,
725 2471 825 2512 quae
843 2459 1009 2501 dicerem
1023 2491 1035 2511 ‚
1063 2459 1326 2514 intelligerent.
1349 2460 1499 2506 Verum
1521 2460 1601 2513 isti,
1622 2473 1720 2515 quo·
