1835 3408
451 175 550 228 490
642 162 1528 212 ANNOTATIONES

451 252 531 293 scio
553 266 670 306 quem
694 265 840 306 patrem
854 253 1009 294 Tantali
1024 253 1126 294 facit.
1152 253 1310 294 Reffius
1330 255 1501 294 Tantalus
1515 256 1578 294 hoc
1591 252 1731 307 patitui·

451 309 539 361 nigri
550 308 721 401 pravitaRte
735 310 862 348 veneni.
885 309 1061 348 BOURD.
1086 307 1230 348 Versus
1241 309 1482 349 Bourdelotii
1498 309 1537 347 in
1549 311 1729 362 pravitate

452 363 651 402 claudicat.
718 373 819 402 Exi-z.

507 419 580 455 ead.
596 416 620 454 l.
638 417 672 455 6.
694 416 792 455 Τοῖον
814 414 956 460 πίὸὀν)
982 417 1054 455 W.
1074 417 1151 456 Τέις
1170 417 1235 455 τὶν
1251 415 1355 455 πίθον
1377 413 1440 455 οὐκ
1460 413 1729 458 &immansio

456 468 737 509 ἐπαντλοῦσαι·
756 470 842 521 (sed
857 469 1000 509 exstitit
1013 480 1108 521 puto
1122 470 1160 509 in
1174 469 1244 509 Ms.
1261 469 1537 510 ἐπαντλούσας·
1557 484 1644 510 nam
1658 470 1730 511 alia

456 536 594 563 manus
608 524 685 563 iota
702 523 787 564 fecit
799 555 809 572 ,
823 524 962 563 extrita
975 523 1045 563 alia
1058 523 1200 577 litera.)
1216 525 1324 565 Haec
1337 524 1376 563 in
1390 523 1540 564 ferculo
1558 524 1730 565 literario

455 576 486 616 Ι.
502 577 599 617 Iens.
625 578 772 618 Rerrz.

511 631 604 682 Pag.
628 646 713 683 145.
729 633 750 670 I.
772 645 805 684 5.
825 630 1052 684 Νίκανδρον)
1073 632 1200 671 Huius
1215 644 1337 686 opera
1356 632 1402 671 ad
1419 631 1586 672 nostram
1605 631 1731 685 usque

457 695 622 724 aetatem
640 696 911 738 pervenerunt.
929 686 1088 725 SOI-AN.
1114 685 1239 725 Cuius
1251 685 1428 726 versiculi
1442 687 1481 725 in
1492 682 1690 726 Theriacis
1708 699 1733 728 a

489 753 536 791 39
566 740 651 778 'inde
670 738 834 779 conferri
857 752 947 779 cum
972 740 1047 780 hoc
1072 740 1203 778 libello
1227 751 1436 789 merentur,
1459 752 1502 780 ut
1526 741 1567 780 δι
1587 741 1734 782 Lucani

480 794 530 840 X,
542 793 619 845 738
634 793 737 846 seqq.
756 793 927 833 Pluscula
939 792 1027 833 sane
1042 793 1146 842 sunt,
1166 794 1212 833 de
1227 795 1366 846 quibus
1379 807 1449 834 nec
1460 795 1560 834 inter
1572 797 1707 848 poetas
1717 825 1735 842 ,

460 859 533 886 nec
548 847 636 899 ipsis
653 861 742 887 cum
761 846 906 887 Nostro
921 847 1008 886 satis
1020 849 1217 888 convenit.
1237 847 1366 888 GESN.

515 904 590 940 ead.
604 902 627 940 I.
645 915 681 950 7.
707 901 860 954 Φύσεις)
886 901 948 941 Sic
963 901 1149 952 Polyaen.
1166 902 1266 954 plur.
1291 916 1396 943 num.
1417 902 1532 943 Strat.
1552 902 1627 949 lv,
1648 913 1737 956 pag.

462 955 551 1002 267.
574 956 618 994 B.
634 958 705 995 W.
728 967 859 996 tamen
870 954 983 1008 φύσιν
996 956 1123 996 habet.
1144 956 1304 997 SOLAN.
1324 957 1385 997 Ac
1403 957 1522 997 Diod.
1545 957 1623 998 Sic.
1640 969 1741 1002 cenq

458 1009 544 1048 ties.
568 1010 718 1049 Rerrz.
1166 1051 1169 1054 ,

516 1065 594 1102 ead.
607 1065 632 1102 l.
659 1077 717 1103 10.
736 1064 854 1103 Ἀλλά
874 1079 938 1115 μοι
961 1063 1083 1119 891453,
1108 1065 1173 1104 καὶ
1194 1068 1286 1117 πρὸς
1305 1065 1455 1105 Φειὸίου
1469 1065 1522 1117 μη
1541 1064 1740 1120 ἓυσχερίί-

463 1131 551 1156 νητε
566 1118 633 1157 την
652 1119 778 1158 §indm
793 1118 953 1171 θηριώδη
969 1122 1094 1166 οὐσῶν,
1115 1119 1233 1169 ὅμοιόν
1245 1134 1282 1158 τι
1295 1121 1358 1158 καὶ
1369 1116 1486 1160 αὖτ’σς
1501 1119 1632 1160 παθεῖν
1644 1121 1739 1173 πρὸς

463 1169 585 1221 ὑμᾶς)
602 1172 848 1213 Βεηεῐάἰᾶυετ
874 1176 934 1213 Ac
945 1174 1028 1213 milii
1037 1175 1167 1220 videor,
1180 1189 1243 1227 pet·
1255 1175 1416 1213 Phidiam
1429 1205 1441 1221 ,
1460 1190 1502 1214 ne
1513 1177 1602 1214 lianc
1619 1174 1740 1228 imagi·

465 1242 538 1265 nem
543 1225 692 1277 ferinam
707 1228 822 1280 iniquo
836 1229 950 1268 animo
957 1227 1097 1280 feratis,
1107 1230 1218 1267 eodem
1232 1231 1330 1268 modo
1341 1242 1420 1281 erga
1433 1245 1496 1268 vos
1508 1228 1609 1285 affici.
1623 1227 1737 1281 Quid

466 1280 526 1319 hic
541 1281 711 1321 Phidias?
727 1283 833 1334 Quis
848 1296 1020 1335 unquam
1036 1295 1102 1335 pei·
1119 1281 1229 1321 istum
1244 1282 1468 1322 statuarium
1483 1281 1651 1322 iuravit?
1666 1281 1739 1322 Ms.

465 1335 614 1386 optime
628 1336 668 1375 &
682 1336 882 1375 certiffime
896 1339 985 1387 πρὸς
996 1337 1139 1384 Φιλίου,
1151 1349 1218 1388 per
1231 1336 1365 1377 Deum
1375 1337 1562 1377 amicitiae
1576 1336 1616 1376 δι
1629 1349 1742 1376 amo-

465 1390 517 1428 ris
537 1391 754 1442 praesidem.
774 1390 1010 1430 ostensurus
1030 1391 1332 1444 magnitudinem
1355 1390 1411 1430 sui
1431 1404 1521 1444 erga
1543 1403 1613 1431 eos
1628 1390 1740 1430 studii

466 1456 537 1493 per
553 1444 679 1484 Φίλιον
694 1443 803 1492 Ζῆνα,
824 1447 933 1484 cuius
950 1446 990 1484 &
1004 1446 1094 1484 alibi
1110 1446 1294 1492 meminit,
1308 1446 1422 1492 iurat,
1436 1444 1472 1486 se
1488 1446 1645 1485 illorum
1660 1458 1743 1484 ma-

466 1497 552 1536 iore
566 1498 604 1536 in
619 1499 697 1538 dies
710 1499 872 1551 flagrare
886 1499 1024 1545 studim
1040 1512 1122 1550 quo
1135 1498 1282 1552 saepius
1294 1512 1363 1539 eos
1375 1501 1516 1545 videat,
1531 1511 1582 1539 eo
1595 1499 1747 1552 saepius

467 1552 601 1590 videre
616 1552 810 1592 desideret.
823 1553 924 1592 Vide
937 1553 1090 1593 Suidam
1106 1554 1143 1591 in
1158 1555 1295 1592 Φίλιος.
1317 1555 1372 1592 At
1384 1553 1485 1593 εἰκὼν
1495 1552 1676 1606 θηριώδης
1688 1552 1746 1593 est

469 1605 677 1646 similitudo
700 1620 720 1646 a
740 1606 828 1646 feris
849 1607 982 1647 sumta.
1002 1607 1177 1648 GRAizv.
1204 1607 1332 1646 Φιλίου
1354 1620 1505 1661 praeter
1523 1606 1593 1646 Ms.
1607 1607 1743 1648 erL.

470 1660 514 1700 &
526 1660 678 1701 Veneta
703 1661 876 1714 secunda.
908 1662 952 1700 In
976 1662 1032 1701 M.
1046 1662 1086 1700 &
1099 1661 1256 1713 reliquis
1270 1662 1351 1701 edd.
1368 1675 1488 1716 prave
1504 1661 1642 1715 legitur
1656 1666 1744 1702 Φει-

471 1713 554 1753 siau
566 1746 580 1762 ,
600 1714 667 1754 nisi
680 1717 786 1768 quod
801 1716 837 1754 in
853 1717 882 1755 I.
897 1715 950 1755 est
963 1716 1122 1755 Φειλίου.
1144 1715 1303 1756 SOLAN.

526 1769 562 1806 in
578 1770 692 1809 schol.
707 1770 770 1809 col.
792 1771 858 1809 1.l.
878 1783 908 1810 i.
933 1770 1108 1809 Δὺνοιτοιι
1127 1770 1224 1823 διε.)
1249 1770 1371 1822 Quae
1396 1769 1452 1809 his
1466 1768 1662 1810 uncinulis
1679 1769 1747 1809 ind

470 1822 571 1862 clusa
587 1822 674 1862 sunt
685 1854 698 1872 ,
717 1825 762 1862 ad
775 1825 1003 1877 compendia
1017 1823 1173 1863 Codicis
1185 1855 1196 1872 ‚
1209 1837 1324 1877 quam
1338 1825 1517 1877 proxime
1530 1824 1641 1876 potui
1651 1851 1663 1871 ‚
1681 1836 1746 1863 ac-

472 1878 744 1926 commodavi3
758 1891 829 1917 nec
839 1879 929 1931 quid
945 1878 1012 1917 sibi
1027 1879 1150 1917 velint
1162 1908 1172 1924 ‚
1187 1878 1271 1918 satis
1283 1877 1476 1932 affequor.
1496 1878 1653 1919 SOLAN.
1669 1877 1748 1918 Pro

470 1932 602 1984 priore
614 1928 729 1972 οὕτως
743 1933 834 1986 legit
848 1932 967 1984 φύσις
983 1933 1009 1972 1.
1021 1932 1051 1972 Ι.
1062 1934 1239 1973 Wiz-rsr.

473 2031 1748 2058 --ᾕ--ψ--σ--ή

521 2110 593 2155 IN
617 2108 1186 2156 DISSERTATIONEM
1217 2107 1356 2153 CUM
1387 2105 1694 2152 HESIODO.

530 2199 622 2252 Pag.
644 2212 730 2249 147.
743 2200 765 2237 l.
781 2214 814 2238 2.
829 2197 995 2245 Ἡσίοὲε)
1018 2195 1174 2237 Hesiod.
1191 2202 1305 2250 Θεογ.
1325 2209 1385 2249 30.
1409 2194 1571 2234 SOLAN.

531 2257 606 2291 ead.
619 2254 642 2291 l.
660 2268 694 2306 3.
712 2255 822 2292 Μετὰ
832 2252 900 2293 τῆς
912 2251 1180 2304 Σάφνης)νὶἀ.
1196 2250 1351 2290 Heliod.
1361 2249 1568 2300 Theogon.
1584 2261 1622 2301 p.
1641 2261 1689 2301 30
1705 2249 1746 2289 δι

475 2305 578 2359 seqq.
594 2307 639 2345 de
662 2320 738 2358 qua
757 2319 884 2346 tamen
897 2336 909 2353 ,
929 2319 977 2346 an
991 2305 1181 2345 Hesiodea
1197 2305 1264 2350 sit,
1283 2303 1411 2350 fuere,
1426 2304 1491 2355 qui
1506 2303 1747 2350 dubitarent;

480 2359 607 2412 (Faus.
626 2361 680 2400 lX
695 2393 705 2410 ,
720 2375 754 2414 p.
772 2361 877 2415 581.)
901 2361 961 2400 sed
979 2361 1183 2413 genuinam
1198 2359 1336 2411 probat
1345 2357 1522 2398 Clericus
1535 2369 1585 2396 ex
1596 2357 1744 2397 Herod.
1757 2386 1761 2390 .
1819 2356 1827 2394 t

475 2414 534 2461 11,
555 2430 596 2468 53
611 2446 621 2463 ‚
636 2428 751 2466 quem
768 2416 853 2455 vide
873 2415 921 2454 ad
939 2415 1095 2454 titulum
1108 2415 1255 2466 operis,
1274 2414 1315 2453 &
1328 2426 1366 2452 v.
1384 2425 1427 2450 21
1442 2425 1473 2450 i.
1496 2410 1657 2472 ξοιΑΝ.
1820 2445 1827 2477 4

531 2471 606 2509 ead.
625 2470 648 2509 l.
669 2469 705 2511 8.
727 2470 897 2524 Κλείοις)
922 2470 1028 2510 Hinc
1052 2478 1178 2522 patet,
1201 2467 1414 2510 Lucianum
1436 2463 1566 2519 legisse
1584 2464 1748 2516 κλείοιμι
1823 2483 1827 2493 ·
