<?xml version="1.0" encoding="UTF-8"?>
<!DOCTYPE html PUBLIC "-//W3C//DTD XHTML 1.0 Transitional//EN"
    "http://www.w3.org/TR/xhtml1/DTD/xhtml1-transitional.dtd">
<html xmlns="http://www.w3.org/1999/xhtml" xml:lang="en" lang="en">
 <head>
  <title>
</title>
<meta http-equiv="Content-Type" content="text/html;charset=utf-8" />
  <meta name='ocr-system' content='tesseract 3.04.00' />
  <meta name='ocr-capabilities' content='ocr_page ocr_carea ocr_par ocr_line ocrx_word'/>
</head>
<body>
  <div class='ocr_page' id='page_1' title='image "./operagraeceetlat08luciuoft/operagraeceetlat08luciuoft_0391.png"; bbox 0 0 1783 3403; ppageno 0'>
   <div class='ocr_carea' id='block_1_1' title="bbox 114 224 1284 295">
    <p class='ocr_par' dir='ltr' id='par_1_1' title="bbox 114 224 1284 295">
     <span class='ocr_line' id='line_1_1' title="bbox 114 224 1284 295; baseline 0.001 -17"><span class='ocrx_word' id='word_1_1' title='bbox 114 229 186 278; x_wconf 91' lang='lat' dir='ltr'>IN</span> <span class='ocrx_word' id='word_1_2' title='bbox 207 226 491 277; x_wconf 85' lang='lat' dir='ltr'>CALUMN.</span> <span class='ocrx_word' id='word_1_3' title='bbox 512 227 655 275; x_wconf 85' lang='lat' dir='ltr'>NON</span> <span class='ocrx_word' id='word_1_4' title='bbox 671 225 932 274; x_wconf 88' lang='lat' dir='ltr'><strong>TEMERE</strong></span> <span class='ocrx_word' id='word_1_5' title='bbox 949 224 1131 274; x_wconf 84' lang='lat' dir='ltr'><strong>CRED.</strong></span> <span class='ocrx_word' id='word_1_6' title='bbox 1195 229 1252 293; x_wconf 81' lang='lat'>38</span> <span class='ocrx_word' id='word_1_7' title='bbox 1261 247 1284 295; x_wconf 70' lang='grc' dir='ltr'><strong><em>ς</em></strong></span> 
     </span>
    </p>
   </div>
   <div class='ocr_carea' id='block_1_2' title="bbox 0 311 1303 2587">
    <p class='ocr_par' dir='ltr' id='par_1_2' title="bbox 15 311 1290 529">
     <span class='ocr_line' id='line_1_2' title="bbox 15 311 1290 367; baseline -0.002 -10"><span class='ocrx_word' id='word_1_8' title='bbox 15 325 99 357; x_wconf 68' lang='lat' dir='ltr'>rem</span> <span class='ocrx_word' id='word_1_9' title='bbox 115 315 296 356; x_wconf 84' lang='lat' dir='ltr'>aberraffe</span> <span class='ocrx_word' id='word_1_10' title='bbox 308 315 341 355; x_wconf 91' lang='lat'>1.</span> <span class='ocrx_word' id='word_1_11' title='bbox 354 315 400 355; x_wconf 92' lang='lat' dir='ltr'>C.</span> <span class='ocrx_word' id='word_1_12' title='bbox 414 315 672 356; x_wconf 88' lang='lat' dir='ltr'>Schroderum</span> <span class='ocrx_word' id='word_1_13' title='bbox 687 345 699 363; x_wconf 87' lang='lat'>‚</span> <span class='ocrx_word' id='word_1_14' title='bbox 722 314 788 367; x_wconf 89' lang='lat' dir='ltr'>qui</span> <span class='ocrx_word' id='word_1_15' title='bbox 798 313 835 352; x_wconf 92' lang='lat' dir='ltr'>in</span> <span class='ocrx_word' id='word_1_16' title='bbox 847 311 977 366; x_wconf 82' lang='lat' dir='ltr'>Epistt.</span> <span class='ocrx_word' id='word_1_17' title='bbox 991 312 1075 353; x_wconf 85' lang='lat' dir='ltr'>Cic.</span> <span class='ocrx_word' id='word_1_18' title='bbox 1089 312 1226 354; x_wconf 67' lang='lat' dir='ltr'>seleffl.</span> <span class='ocrx_word' id='word_1_19' title='bbox 1247 316 1290 354; x_wconf 89' lang='lat' dir='ltr'>L.</span> 
     </span>
     <span class='ocr_line' id='line_1_3' title="bbox 18 366 1290 422; baseline -0.002 -12"><span class='ocrx_word' id='word_1_20' title='bbox 18 370 77 420; x_wconf 86' lang='grc' dir='ltr'>ΙΙ,</span> <span class='ocrx_word' id='word_1_21' title='bbox 91 371 159 422; x_wconf 86' lang='lat' dir='ltr'>Ep.</span> <span class='ocrx_word' id='word_1_22' title='bbox 177 383 236 422; x_wconf 83' lang='lat'>32,</span> <span class='ocrx_word' id='word_1_23' title='bbox 254 370 370 408; x_wconf 86' lang='lat' dir='ltr'>verba</span> <span class='ocrx_word' id='word_1_24' title='bbox 381 369 583 409; x_wconf 80' lang='lat' dir='ltr'>Ciceronis</span> <span class='ocrx_word' id='word_1_25' title='bbox 592 370 637 408; x_wconf 88' lang='lat' dir='ltr'>ad</span> <span class='ocrx_word' id='word_1_26' title='bbox 650 367 798 408; x_wconf 87' lang='lat' dir='ltr'>eosdem</span> <span class='ocrx_word' id='word_1_27' title='bbox 813 366 1037 419; x_wconf 57' lang='lat' dir='ltr'>spectantia,</span> <span class='ocrx_word' id='word_1_28' title='bbox 1052 369 1207 419; x_wconf 86' lang='lat' dir='ltr'>quando</span> <span class='ocrx_word' id='word_1_29' title='bbox 1222 369 1290 415; x_wconf 85' lang='lat' dir='ltr'>ait,</span> 
     </span>
     <span class='ocr_line' id='line_1_4' title="bbox 19 419 1289 476; baseline -0.002 -12"><span class='ocrx_word' id='word_1_30' title='bbox 19 436 60 464; x_wconf 83' lang='lat' dir='ltr'>ut</span> <span class='ocrx_word' id='word_1_31' title='bbox 72 426 117 464; x_wconf 76' lang='lat' dir='ltr'>ihi</span> <span class='ocrx_word' id='word_1_32' title='bbox 128 423 227 476; x_wconf 72' lang='lat' dir='ltr'>effis,</span> <span class='ocrx_word' id='word_1_33' title='bbox 250 424 307 463; x_wconf 88' lang='lat' dir='ltr'>ubi</span> <span class='ocrx_word' id='word_1_34' title='bbox 324 439 382 462; x_wconf 83' lang='lat' dir='ltr'>nec</span> <span class='ocrx_word' id='word_1_35' title='bbox 397 424 633 476; x_wconf 78' lang='lat' dir='ltr'><em>Pelopidarum</em></span> <span class='ocrx_word' id='word_1_36' title='bbox 643 452 655 468; x_wconf 90' lang='lat'><em>‚</em></span> <span class='ocrx_word' id='word_1_37' title='bbox 681 423 724 462; x_wconf 91' lang='lat' dir='ltr'>ad</span> <span class='ocrx_word' id='word_1_38' title='bbox 739 423 877 460; x_wconf 85' lang='lat' dir='ltr'>ducem</span> <span class='ocrx_word' id='word_1_39' title='bbox 892 419 1114 473; x_wconf 86' lang='lat' dir='ltr'>Pelopidam</span> <span class='ocrx_word' id='word_1_40' title='bbox 1126 421 1289 461; x_wconf 87' lang='lat' dir='ltr'>Theba-</span> 
     </span>
     <span class='ocr_line' id='line_1_5' title="bbox 20 473 968 529; baseline -0.005 -11"><span class='ocrx_word' id='word_1_41' title='bbox 20 491 136 524; x_wconf 87' lang='lat' dir='ltr'>num,</span> <span class='ocrx_word' id='word_1_42' title='bbox 160 477 206 516; x_wconf 89' lang='lat' dir='ltr'>de</span> <span class='ocrx_word' id='word_1_43' title='bbox 223 490 305 529; x_wconf 91' lang='lat' dir='ltr'>quo</span> <span class='ocrx_word' id='word_1_44' title='bbox 317 477 363 516; x_wconf 91' lang='lat' dir='ltr'>C.</span> <span class='ocrx_word' id='word_1_45' title='bbox 381 477 535 529; x_wconf 85' lang='lat' dir='ltr'>Nepos,</span> <span class='ocrx_word' id='word_1_46' title='bbox 563 476 661 514; x_wconf 90' lang='lat' dir='ltr'>male</span> <span class='ocrx_word' id='word_1_47' title='bbox 678 473 804 515; x_wconf 87' lang='lat' dir='ltr'>refert.</span> <span class='ocrx_word' id='word_1_48' title='bbox 826 475 968 514; x_wconf 70' lang='grc' dir='ltr'>ΚΕΗ-Ζ.</span> 
     </span>
    </p>

    <p class='ocr_par' dir='ltr' id='par_1_3' title="bbox 16 527 1294 1718">
     <span class='ocr_line' id='line_1_6' title="bbox 76 527 1292 581; baseline -0.002 -11"><span class='ocrx_word' id='word_1_49' title='bbox 76 533 149 571; x_wconf 87' lang='lat' dir='ltr'>ead.</span> <span class='ocrx_word' id='word_1_50' title='bbox 162 532 184 568; x_wconf 90' lang='lat' dir='ltr'>l.</span> <span class='ocrx_word' id='word_1_51' title='bbox 196 544 234 580; x_wconf 90' lang='lat'>7.</span> <span class='ocrx_word' id='word_1_52' title='bbox 251 531 319 568; x_wconf 75' lang='grc' dir='ltr'>Καὶ</span> <span class='ocrx_word' id='word_1_53' title='bbox 333 528 423 570; x_wconf 69' lang='grc' dir='ltr'><strong><em>οἶκοι</em></strong></span> <span class='ocrx_word' id='word_1_54' title='bbox 442 529 680 581; x_wconf 78' lang='grc' dir='ltr'><strong><em>ἀνάστατοι)</em></strong></span> <span class='ocrx_word' id='word_1_55' title='bbox 705 529 760 573; x_wconf 83' lang='lat' dir='ltr'>Ita</span> <span class='ocrx_word' id='word_1_56' title='bbox 776 528 855 568; x_wconf 82' lang='lat' dir='ltr'>fere</span> <span class='ocrx_word' id='word_1_57' title='bbox 867 528 908 567; x_wconf 85' lang='lat'>&amp;</span> <span class='ocrx_word' id='word_1_58' title='bbox 924 527 1106 575; x_wconf 86' lang='lat' dir='ltr'>Photius,</span> <span class='ocrx_word' id='word_1_59' title='bbox 1127 527 1165 565; x_wconf 86' lang='lat' dir='ltr'>in</span> <span class='ocrx_word' id='word_1_60' title='bbox 1181 540 1292 579; x_wconf 84' lang='lat' dir='ltr'>prae-</span> 
     </span>
     <span class='ocr_line' id='line_1_7' title="bbox 20 581 1292 636; baseline -0.003 -12"><span class='ocrx_word' id='word_1_61' title='bbox 20 583 238 624; x_wconf 81' lang='lat' dir='ltr'>stantiffima</span> <span class='ocrx_word' id='word_1_62' title='bbox 257 584 320 623; x_wconf 91' lang='lat' dir='ltr'>illa</span> <span class='ocrx_word' id='word_1_63' title='bbox 343 584 389 623; x_wconf 87' lang='lat' dir='ltr'>ad</span> <span class='ocrx_word' id='word_1_64' title='bbox 410 584 641 624; x_wconf 77' lang='lat' dir='ltr'>Michaelem</span> <span class='ocrx_word' id='word_1_65' title='bbox 655 584 860 636; x_wconf 84' lang='lat' dir='ltr'>Bulgariae</span> <span class='ocrx_word' id='word_1_66' title='bbox 880 583 1089 635; x_wconf 87' lang='lat' dir='ltr'>principem</span> <span class='ocrx_word' id='word_1_67' title='bbox 1106 581 1263 633; x_wconf 85' lang='lat' dir='ltr'>epistola</span> <span class='ocrx_word' id='word_1_68' title='bbox 1278 612 1292 632; x_wconf 81' lang='lat'>,</span> 
     </span>
     <span class='ocr_line' id='line_1_8' title="bbox 19 635 1292 692; baseline -0.002 -14"><span class='ocrx_word' id='word_1_69' title='bbox 19 638 138 692; x_wconf 77' lang='grc' dir='ltr'><strong><em>χείλη</em></strong></span> <span class='ocrx_word' id='word_1_70' title='bbox 149 638 353 690; x_wconf 55' lang='grc' dir='ltr'>ὃὲρηςυὶτ,</span> <span class='ocrx_word' id='word_1_71' title='bbox 367 636 575 692; x_wconf 62' lang='grc' dir='ltr'><strong><em>κατήγοροι,</em></strong></span> <span class='ocrx_word' id='word_1_72' title='bbox 591 637 655 676; x_wconf 71' lang='grc' dir='ltr'>καὶ</span> <span class='ocrx_word' id='word_1_73' title='bbox 669 637 919 685; x_wconf 69' lang='grc' dir='ltr'><strong><em>συκοφαντίας</em></strong></span> <span class='ocrx_word' id='word_1_74' title='bbox 932 635 1182 685; x_wconf 72' lang='grc' dir='ltr'><strong><em>ἀποστρέφου·</em></strong></span> <span class='ocrx_word' id='word_1_75' title='bbox 1196 648 1292 675; x_wconf 88' lang='grc' dir='ltr'><strong><em>πολ-</em></strong></span> 
     </span>
     <span class='ocr_line' id='line_1_9' title="bbox 22 689 1289 747; baseline -0.001 -17"><span class='ocrx_word' id='word_1_76' title='bbox 22 694 135 732; x_wconf 73' lang='grc' dir='ltr'><strong><em>λάκις</em></strong></span> <span class='ocrx_word' id='word_1_77' title='bbox 154 694 233 747; x_wconf 62' lang='grc' dir='ltr'>’γὰρ</span> <span class='ocrx_word' id='word_1_78' title='bbox 245 691 395 732; x_wconf 52' lang='grc' dir='ltr'><strong><em>παῖδας</em></strong></span> <span class='ocrx_word' id='word_1_79' title='bbox 410 695 516 730; x_wconf 75' lang='grc' dir='ltr'><strong><em>κατὰ</em></strong></span> <span class='ocrx_word' id='word_1_80' title='bbox 532 692 719 741; x_wconf 81' lang='grc' dir='ltr'><strong><em>πατέρων,</em></strong></span> <span class='ocrx_word' id='word_1_81' title='bbox 735 691 799 729; x_wconf 70' lang='grc' dir='ltr'>καὶ</span> <span class='ocrx_word' id='word_1_82' title='bbox 814 691 989 742; x_wconf 84' lang='grc' dir='ltr'><strong><em>πατέρας</em></strong></span> <span class='ocrx_word' id='word_1_83' title='bbox 1011 689 1165 740; x_wconf 69' lang='grc' dir='ltr'>ἑξέμῃνε</span> <span class='ocrx_word' id='word_1_84' title='bbox 1181 693 1289 729; x_wconf 70' lang='grc' dir='ltr'>κατὰ</span> 
     </span>
     <span class='ocr_line' id='line_1_10' title="bbox 22 742 1290 799; baseline -0.002 -13"><span class='ocrx_word' id='word_1_85' title='bbox 22 745 192 791; x_wconf 58' lang='lat' dir='ltr'>vulsor,</span> <span class='ocrx_word' id='word_1_86' title='bbox 205 746 268 785; x_wconf 70' lang='grc' dir='ltr'>καὶ</span> <span class='ocrx_word' id='word_1_87' title='bbox 286 746 364 790; x_wconf 79' lang='grc' dir='ltr'><strong><em>βίου</em></strong></span> <span class='ocrx_word' id='word_1_88' title='bbox 380 745 518 799; x_wconf 77' lang='grc' dir='ltr'>ἔσχισε</span> <span class='ocrx_word' id='word_1_89' title='bbox 532 745 730 799; x_wconf 68' lang='grc' dir='ltr'><strong><em>συζυγίας,</em></strong></span> <span class='ocrx_word' id='word_1_90' title='bbox 745 745 807 783; x_wconf 76' lang='grc' dir='ltr'>καὶ</span> <span class='ocrx_word' id='word_1_91' title='bbox 825 742 1029 798; x_wconf 71' lang='grc' dir='ltr'><strong><em>συγγενοῖς</em></strong></span> <span class='ocrx_word' id='word_1_92' title='bbox 1048 743 1290 784; x_wconf 51' lang='lat' dir='ltr'>{verticem</span> 
     </span>
     <span class='ocr_line' id='line_1_11' title="bbox 22 796 1290 853; baseline 0 -15"><span class='ocrx_word' id='word_1_93' title='bbox 22 800 113 839; x_wconf 73' lang='grc' dir='ltr'>κατ’</span> <span class='ocrx_word' id='word_1_94' title='bbox 127 798 317 839; x_wconf 65' lang='grc' dir='ltr'><strong><em>ἀλλήλων·</em></strong></span> <span class='ocrx_word' id='word_1_95' title='bbox 337 800 399 838; x_wconf 70' lang='grc' dir='ltr'>καὶ</span> <span class='ocrx_word' id='word_1_96' title='bbox 415 801 453 838; x_wconf 79' lang='grc' dir='ltr'>τί</span> <span class='ocrx_word' id='word_1_97' title='bbox 471 800 600 853; x_wconf 68' lang='grc' dir='ltr'><strong><em>λέγω;</em></strong></span> <span class='ocrx_word' id='word_1_98' title='bbox 618 800 750 838; x_wconf 82' lang='grc' dir='ltr'><strong><em>πόλεις</em></strong></span> <span class='ocrx_word' id='word_1_99' title='bbox 765 798 872 844; x_wconf 71' lang='grc' dir='ltr'><strong><em>ὅλας,</em></strong></span> <span class='ocrx_word' id='word_1_100' title='bbox 887 798 950 836; x_wconf 74' lang='grc' dir='ltr'>καὶ</span> <span class='ocrx_word' id='word_1_101' title='bbox 971 797 1089 837; x_wconf 75' lang='grc' dir='ltr'>οἰκίαις</span> <span class='ocrx_word' id='word_1_102' title='bbox 1105 796 1290 850; x_wconf 57' lang='grc' dir='ltr'>ἀνέτρεψε</span> 
     </span>
     <span class='ocr_line' id='line_1_12' title="bbox 18 851 1289 905; baseline -0.002 -13"><span class='ocrx_word' id='word_1_103' title='bbox 18 854 96 905; x_wconf 77' lang='grc' dir='ltr'>μία</span> <span class='ocrx_word' id='word_1_104' title='bbox 109 852 210 904; x_wconf 67' lang='grc' dir='ltr'>φωνὴ</span> <span class='ocrx_word' id='word_1_105' title='bbox 232 855 479 900; x_wconf 69' lang='grc' dir='ltr'><strong><em>συκοφάντου.</em></strong></span> <span class='ocrx_word' id='word_1_106' title='bbox 511 855 620 892; x_wconf 58' lang='lat' dir='ltr'>Labra</span> <span class='ocrx_word' id='word_1_107' title='bbox 639 851 848 904; x_wconf 77' lang='lat' dir='ltr'>accufiztoria</span> <span class='ocrx_word' id='word_1_108' title='bbox 862 852 896 890; x_wconf 70' lang='lat'>6·</span> <span class='ocrx_word' id='word_1_109' title='bbox 905 851 1157 904; x_wconf 66' lang='lat' dir='ltr'>sycophantiae</span> <span class='ocrx_word' id='word_1_110' title='bbox 1175 852 1289 903; x_wconf 69' lang='lat' dir='ltr'>asper·</span> 
     </span>
     <span class='ocr_line' id='line_1_13' title="bbox 22 905 1287 958; baseline -0.001 -12"><span class='ocrx_word' id='word_1_111' title='bbox 22 922 97 946; x_wconf 83' lang='lat' dir='ltr'>nere</span> <span class='ocrx_word' id='word_1_112' title='bbox 109 921 120 946; x_wconf 92' lang='lat'>.·</span> <span class='ocrx_word' id='word_1_113' title='bbox 136 923 214 946; x_wconf 85' lang='lat' dir='ltr'>nam</span> <span class='ocrx_word' id='word_1_114' title='bbox 225 923 292 946; x_wconf 87' lang='lat' dir='ltr'>non</span> <span class='ocrx_word' id='word_1_115' title='bbox 304 923 381 946; x_wconf 82' lang='lat' dir='ltr'>mro</span> <span class='ocrx_word' id='word_1_116' title='bbox 393 907 429 946; x_wconf 65' lang='grc' dir='ltr'>ὃ*</span> <span class='ocrx_word' id='word_1_117' title='bbox 441 908 559 946; x_wconf 82' lang='lat' dir='ltr'>liberos</span> <span class='ocrx_word' id='word_1_118' title='bbox 566 907 679 958; x_wconf 74' lang='lat' dir='ltr'>ficrere</span> <span class='ocrx_word' id='word_1_119' title='bbox 692 907 727 944; x_wconf 87' lang='lat' dir='ltr'>in</span> <span class='ocrx_word' id='word_1_120' title='bbox 736 918 904 958; x_wconf 84' lang='lat' dir='ltr'>parentes,</span> <span class='ocrx_word' id='word_1_121' title='bbox 913 906 947 943; x_wconf 71' lang='lat'>6³</span> <span class='ocrx_word' id='word_1_122' title='bbox 955 917 1109 956; x_wconf 82' lang='lat' dir='ltr'>parentes</span> <span class='ocrx_word' id='word_1_123' title='bbox 1119 907 1153 943; x_wconf 86' lang='lat' dir='ltr'>in</span> <span class='ocrx_word' id='word_1_124' title='bbox 1167 905 1287 945; x_wconf 85' lang='lat' dir='ltr'>liberos</span> 
     </span>
     <span class='ocr_line' id='line_1_14' title="bbox 19 959 1288 1014; baseline -0.001 -14"><span class='ocrx_word' id='word_1_125' title='bbox 19 963 216 1013; x_wconf 73' lang='lat' dir='ltr'>adegerunt,</span> <span class='ocrx_word' id='word_1_126' title='bbox 227 963 316 1000; x_wconf 80' lang='lat' dir='ltr'>vitae</span> <span class='ocrx_word' id='word_1_127' title='bbox 331 963 470 1000; x_wconf 82' lang='lat' dir='ltr'>vincula</span> <span class='ocrx_word' id='word_1_128' title='bbox 483 962 517 1000; x_wconf 70' lang='lat'>6³</span> <span class='ocrx_word' id='word_1_129' title='bbox 528 962 751 1000; x_wconf 81' lang='lat' dir='ltr'><em>connexiones</em></span> <span class='ocrx_word' id='word_1_130' title='bbox 761 960 984 1014; x_wconf 77' lang='lat' dir='ltr'>distuperunt,</span> <span class='ocrx_word' id='word_1_131' title='bbox 1007 959 1041 997; x_wconf 68' lang='grc' dir='ltr'>δ’</span> <span class='ocrx_word' id='word_1_132' title='bbox 1052 960 1086 998; x_wconf 87' lang='lat' dir='ltr'>in</span> <span class='ocrx_word' id='word_1_133' title='bbox 1091 959 1130 1010; x_wconf 72' lang='lat' dir='ltr'>se</span> <span class='ocrx_word' id='word_1_134' title='bbox 1145 960 1288 999; x_wconf 80' lang='lat' dir='ltr'>invicem</span> 
     </span>
     <span class='ocr_line' id='line_1_15' title="bbox 23 1012 1290 1067; baseline -0.002 -12"><span class='ocrx_word' id='word_1_135' title='bbox 23 1015 288 1067; x_wconf 78' lang='lat' dir='ltr'>consanguineos</span> <span class='ocrx_word' id='word_1_136' title='bbox 300 1016 522 1055; x_wconf 84' lang='lat' dir='ltr'>concitarunt.</span> <span class='ocrx_word' id='word_1_137' title='bbox 535 1015 634 1066; x_wconf 82' lang='lat' dir='ltr'><em>Quid</em></span> <span class='ocrx_word' id='word_1_138' title='bbox 642 1027 751 1054; x_wconf 81' lang='lat' dir='ltr'>autem</span> <span class='ocrx_word' id='word_1_139' title='bbox 762 1015 822 1054; x_wconf 83' lang='lat' dir='ltr'>illa</span> <span class='ocrx_word' id='word_1_140' title='bbox 832 1016 962 1054; x_wconf 89' lang='lat' dir='ltr'>minora</span> <span class='ocrx_word' id='word_1_141' title='bbox 973 1029 1186 1052; x_wconf 87' lang='lat' dir='ltr'>commemoro</span> <span class='ocrx_word' id='word_1_142' title='bbox 1195 1016 1215 1050; x_wconf 70' lang='grc' dir='ltr'><em>Ρ</em></span> <span class='ocrx_word' id='word_1_143' title='bbox 1231 1012 1290 1052; x_wconf 78' lang='lat' dir='ltr'>vel</span> 
     </span>
     <span class='ocr_line' id='line_1_16' title="bbox 23 1068 1286 1122; baseline -0.001 -14"><span class='ocrx_word' id='word_1_144' title='bbox 23 1070 125 1108; x_wconf 84' lang='lat' dir='ltr'>unica</span> <span class='ocrx_word' id='word_1_145' title='bbox 137 1069 375 1122; x_wconf 81' lang='lat' dir='ltr'><em>sycophantae</em></span> <span class='ocrx_word' id='word_1_146' title='bbox 391 1085 463 1108; x_wconf 84' lang='lat' dir='ltr'>vox</span> <span class='ocrx_word' id='word_1_147' title='bbox 475 1070 628 1108; x_wconf 79' lang='lat' dir='ltr'>civitates</span> <span class='ocrx_word' id='word_1_148' title='bbox 641 1071 674 1108; x_wconf 66' lang='grc' dir='ltr'>δ’</span> <span class='ocrx_word' id='word_1_149' title='bbox 692 1073 807 1108; x_wconf 85' lang='lat' dir='ltr'>domos</span> <span class='ocrx_word' id='word_1_150' title='bbox 830 1070 975 1121; x_wconf 80' lang='lat' dir='ltr'>integras</span> <span class='ocrx_word' id='word_1_151' title='bbox 990 1068 1157 1120; x_wconf 79' lang='lat' dir='ltr'>subvertit</span> <span class='ocrx_word' id='word_1_152' title='bbox 1167 1068 1286 1120; x_wconf 79' lang='lat' dir='ltr'>fhepe.</span> 
     </span>
     <span class='ocr_line' id='line_1_17' title="bbox 21 1122 1288 1176; baseline 0 -14"><span class='ocrx_word' id='word_1_153' title='bbox 21 1122 110 1176; x_wconf 87' lang='lat' dir='ltr'>Qui</span> <span class='ocrx_word' id='word_1_154' title='bbox 131 1123 244 1163; x_wconf 92' lang='lat' dir='ltr'>locus</span> <span class='ocrx_word' id='word_1_155' title='bbox 266 1124 355 1162; x_wconf 92' lang='lat' dir='ltr'>hinc</span> <span class='ocrx_word' id='word_1_156' title='bbox 374 1124 566 1163; x_wconf 88' lang='lat' dir='ltr'>desumtus</span> <span class='ocrx_word' id='word_1_157' title='bbox 582 1123 655 1163; x_wconf 88' lang='lat' dir='ltr'>effe</span> <span class='ocrx_word' id='word_1_158' title='bbox 676 1124 850 1171; x_wconf 79' lang='lat' dir='ltr'>videtur3</span> <span class='ocrx_word' id='word_1_159' title='bbox 874 1124 924 1161; x_wconf 89' lang='lat' dir='ltr'>ita</span> <span class='ocrx_word' id='word_1_160' title='bbox 940 1123 1070 1160; x_wconf 85' lang='lat' dir='ltr'>omnia</span> <span class='ocrx_word' id='word_1_161' title='bbox 1085 1122 1288 1173; x_wconf 82' lang='lat' dir='ltr'>quadrant.</span> 
     </span>
     <span class='ocr_line' id='line_1_18' title="bbox 21 1174 1290 1230; baseline -0.004 -14"><span class='ocrx_word' id='word_1_162' title='bbox 21 1176 104 1217; x_wconf 87' lang='lat' dir='ltr'>Nec</span> <span class='ocrx_word' id='word_1_163' title='bbox 116 1179 280 1216; x_wconf 89' lang='lat' dir='ltr'>multum</span> <span class='ocrx_word' id='word_1_164' title='bbox 295 1177 441 1217; x_wconf 88' lang='lat' dir='ltr'>diversa</span> <span class='ocrx_word' id='word_1_165' title='bbox 452 1178 550 1224; x_wconf 86' lang='lat' dir='ltr'>sunt,</span> <span class='ocrx_word' id='word_1_166' title='bbox 561 1190 660 1230; x_wconf 91' lang='lat' dir='ltr'>quae</span> <span class='ocrx_word' id='word_1_167' title='bbox 673 1176 989 1230; x_wconf 82' lang='lat' dir='ltr'>ap.Themistium</span> <span class='ocrx_word' id='word_1_168' title='bbox 1005 1177 1040 1214; x_wconf 85' lang='lat' dir='ltr'>in</span> <span class='ocrx_word' id='word_1_169' title='bbox 1049 1174 1161 1215; x_wconf 88' lang='lat' dir='ltr'>Orat.</span> <span class='ocrx_word' id='word_1_170' title='bbox 1171 1175 1223 1214; x_wconf 86' lang='lat'>111</span> <span class='ocrx_word' id='word_1_171' title='bbox 1238 1177 1290 1216; x_wconf 83' lang='lat' dir='ltr'>le.</span> 
     </span>
     <span class='ocr_line' id='line_1_19' title="bbox 21 1229 1289 1285; baseline -0.002 -15"><span class='ocrx_word' id='word_1_172' title='bbox 21 1242 165 1284; x_wconf 85' lang='lat' dir='ltr'>guntur</span> <span class='ocrx_word' id='word_1_173' title='bbox 179 1247 186 1272; x_wconf 93' lang='lat'><strong>:</strong></span> <span class='ocrx_word' id='word_1_174' title='bbox 205 1231 366 1277; x_wconf 59' lang='grc' dir='ltr'><strong><em>ὃιαβολὺ</em></strong></span> <span class='ocrx_word' id='word_1_175' title='bbox 380 1231 424 1271; x_wconf 51' lang='grc' dir='ltr'>δὲ</span> <span class='ocrx_word' id='word_1_176' title='bbox 440 1244 525 1285; x_wconf 81' lang='grc' dir='ltr'>χαλ</span> <span class='ocrx_word' id='word_1_177' title='bbox 534 1235 621 1270; x_wconf 71' lang='grc' dir='ltr'><strong><em>επον</em></strong></span> <span class='ocrx_word' id='word_1_178' title='bbox 634 1231 718 1281; x_wconf 72' lang='grc' dir='ltr'>μὲν,</span> <span class='ocrx_word' id='word_1_179' title='bbox 729 1232 864 1284; x_wconf 88' lang='lat' dir='ltr'>inquit,</span> <span class='ocrx_word' id='word_1_180' title='bbox 883 1229 1121 1283; x_wconf 68' lang='grc' dir='ltr'><strong><em>ἁπανταχοῦ</em></strong></span> <span class='ocrx_word' id='word_1_181' title='bbox 1137 1229 1201 1268; x_wconf 76' lang='grc' dir='ltr'>καὶ</span> <span class='ocrx_word' id='word_1_182' title='bbox 1217 1246 1289 1269; x_wconf 85' lang='grc' dir='ltr'><strong><em>πο-</em></strong></span> 
     </span>
     <span class='ocr_line' id='line_1_20' title="bbox 21 1280 1288 1338; baseline -0.002 -14"><span class='ocrx_word' id='word_1_183' title='bbox 21 1289 238 1336; x_wconf 74' lang='grc' dir='ltr'><strong><em>λεμοποιον,</em></strong></span> <span class='ocrx_word' id='word_1_184' title='bbox 255 1280 301 1324; x_wconf 61' lang='grc' dir='ltr'><strong><em>οὗ</em></strong></span> <span class='ocrx_word' id='word_1_185' title='bbox 311 1283 618 1338; x_wconf 65' lang='grc' dir='ltr'><strong><em>ἀντιπαρεισρυῇ,</em></strong></span> <span class='ocrx_word' id='word_1_186' title='bbox 640 1286 701 1324; x_wconf 68' lang='grc' dir='ltr'>καὶ</span> <span class='ocrx_word' id='word_1_187' title='bbox 720 1288 810 1335; x_wconf 67' lang='grc' dir='ltr'><strong><em>προς</em></strong></span> <span class='ocrx_word' id='word_1_188' title='bbox 820 1284 951 1324; x_wconf 57' lang='grc' dir='ltr'><strong><em>παῖδα</em></strong></span> <span class='ocrx_word' id='word_1_189' title='bbox 965 1287 1098 1332; x_wconf 77' lang='grc' dir='ltr'><strong><em>πατρὶ,</em></strong></span> <span class='ocrx_word' id='word_1_190' title='bbox 1119 1284 1182 1322; x_wconf 72' lang='grc' dir='ltr'>καὶ</span> <span class='ocrx_word' id='word_1_191' title='bbox 1195 1287 1288 1334; x_wconf 72' lang='grc' dir='ltr'><strong><em>προς</em></strong></span> 
     </span>
     <span class='ocr_line' id='line_1_21' title="bbox 22 1337 1289 1391; baseline -0.002 -13"><span class='ocrx_word' id='word_1_192' title='bbox 22 1338 188 1388; x_wconf 61' lang='grc' dir='ltr'><strong><em>ἁὲελφον</em></strong></span> <span class='ocrx_word' id='word_1_193' title='bbox 203 1339 371 1390; x_wconf 61' lang='grc' dir='ltr'><strong><em>αὲελφῷ,</em></strong></span> <span class='ocrx_word' id='word_1_194' title='bbox 394 1341 457 1379; x_wconf 81' lang='grc' dir='ltr'>καὶ</span> <span class='ocrx_word' id='word_1_195' title='bbox 472 1341 517 1378; x_wconf 67' lang='grc' dir='ltr'>τὸ</span> <span class='ocrx_word' id='word_1_196' title='bbox 533 1339 666 1391; x_wconf 62' lang='grc' dir='ltr'>Σρῐιμα</span> <span class='ocrx_word' id='word_1_197' title='bbox 684 1338 821 1379; x_wconf 69' lang='grc' dir='ltr'>ἐκείνης</span> <span class='ocrx_word' id='word_1_198' title='bbox 837 1338 899 1376; x_wconf 68' lang='grc' dir='ltr'>καὶ</span> <span class='ocrx_word' id='word_1_199' title='bbox 921 1337 936 1376; x_wconf 86' lang='grc' dir='ltr'>ὁ</span> <span class='ocrx_word' id='word_1_200' title='bbox 958 1337 1191 1377; x_wconf 74' lang='grc' dir='ltr'><strong><em>Ἱππόλυτος.</em></strong></span> <span class='ocrx_word' id='word_1_201' title='bbox 1219 1339 1289 1376; x_wconf 82' lang='lat' dir='ltr'>Ca·</span> 
     </span>
     <span class='ocr_line' id='line_1_22' title="bbox 21 1391 1289 1447; baseline -0.003 -15"><span class='ocrx_word' id='word_1_202' title='bbox 21 1394 153 1432; x_wconf 80' lang='lat' dir='ltr'>lumnia</span> <span class='ocrx_word' id='word_1_203' title='bbox 166 1409 266 1446; x_wconf 87' lang='lat' dir='ltr'>porro</span> <span class='ocrx_word' id='word_1_204' title='bbox 279 1395 396 1447; x_wconf 87' lang='lat' dir='ltr'>ubique</span> <span class='ocrx_word' id='word_1_205' title='bbox 411 1394 604 1447; x_wconf 77' lang='lat' dir='ltr'>permolesta</span> <span class='ocrx_word' id='word_1_206' title='bbox 619 1395 661 1447; x_wconf 72' lang='lat' dir='ltr'>est</span> <span class='ocrx_word' id='word_1_207' title='bbox 673 1423 686 1439; x_wconf 87' lang='lat'>,</span> <span class='ocrx_word' id='word_1_208' title='bbox 709 1392 866 1445; x_wconf 79' lang='lat' dir='ltr'><strong><em>rixasque</em></strong></span> <span class='ocrx_word' id='word_1_209' title='bbox 878 1392 913 1430; x_wconf 68' lang='grc' dir='ltr'>δ’</span> <span class='ocrx_word' id='word_1_210' title='bbox 926 1391 1150 1431; x_wconf 79' lang='lat' dir='ltr'><em>contentiones</em></span> <span class='ocrx_word' id='word_1_211' title='bbox 1170 1392 1226 1430; x_wconf 84' lang='lat' dir='ltr'>uhi</span> <span class='ocrx_word' id='word_1_212' title='bbox 1248 1406 1289 1429; x_wconf 84' lang='lat' dir='ltr'>ue</span> 
     </span>
     <span class='ocr_line' id='line_1_23' title="bbox 16 1446 1293 1502; baseline -0.003 -15"><span class='ocrx_word' id='word_1_213' title='bbox 16 1461 199 1502; x_wconf 80' lang='lat' dir='ltr'>provocat,</span> <span class='ocrx_word' id='word_1_214' title='bbox 211 1463 406 1502; x_wconf 83' lang='lat' dir='ltr'>quocunque</span> <span class='ocrx_word' id='word_1_215' title='bbox 414 1448 454 1501; x_wconf 86' lang='lat' dir='ltr'>se</span> <span class='ocrx_word' id='word_1_216' title='bbox 467 1449 706 1501; x_wconf 80' lang='lat' dir='ltr'>infinuaverit:</span> <span class='ocrx_word' id='word_1_217' title='bbox 727 1463 768 1487; x_wconf 85' lang='lat' dir='ltr'>ac</span> <span class='ocrx_word' id='word_1_218' title='bbox 782 1463 857 1486; x_wconf 89' lang='lat' dir='ltr'>cum</span> <span class='ocrx_word' id='word_1_219' title='bbox 867 1458 963 1500; x_wconf 85' lang='lat' dir='ltr'>patre</span> <span class='ocrx_word' id='word_1_220' title='bbox 969 1446 1083 1497; x_wconf 85' lang='lat' dir='ltr'>filium</span> <span class='ocrx_word' id='word_1_221' title='bbox 1096 1475 1107 1492; x_wconf 88' lang='lat'>‚</span> <span class='ocrx_word' id='word_1_222' title='bbox 1123 1460 1198 1484; x_wconf 86' lang='lat' dir='ltr'>cum</span> <span class='ocrx_word' id='word_1_223' title='bbox 1230 1459 1293 1483; x_wconf 80' lang='lat' dir='ltr'>ra-</span> 
     </span>
     <span class='ocr_line' id='line_1_24' title="bbox 23 1499 1291 1556; baseline -0.003 -15"><span class='ocrx_word' id='word_1_224' title='bbox 23 1514 70 1541; x_wconf 85' lang='lat' dir='ltr'>tre</span> <span class='ocrx_word' id='word_1_225' title='bbox 75 1500 220 1555; x_wconf 75' lang='lat' dir='ltr'>fratrem</span> <span class='ocrx_word' id='word_1_226' title='bbox 236 1503 431 1542; x_wconf 82' lang='lat' dir='ltr'>committit.-</span> <span class='ocrx_word' id='word_1_227' title='bbox 446 1519 467 1540; x_wconf 83' lang='lat' dir='ltr'><em>a</em></span> <span class='ocrx_word' id='word_1_228' title='bbox 483 1518 552 1556; x_wconf 87' lang='lat' dir='ltr'>qua</span> <span class='ocrx_word' id='word_1_229' title='bbox 571 1502 631 1540; x_wconf 72' lang='lat' dir='ltr'>illa</span> <span class='ocrx_word' id='word_1_230' title='bbox 643 1504 685 1556; x_wconf 84' lang='lat' dir='ltr'>est</span> <span class='ocrx_word' id='word_1_231' title='bbox 699 1506 737 1540; x_wconf 86' lang='lat' dir='ltr'>de</span> <span class='ocrx_word' id='word_1_232' title='bbox 749 1502 942 1554; x_wconf 73' lang='lat' dir='ltr'>Hippolyto</span> <span class='ocrx_word' id='word_1_233' title='bbox 963 1499 1148 1553; x_wconf 65' lang='lat' dir='ltr'>Tragoecfia</span> <span class='ocrx_word' id='word_1_234' title='bbox 1159 1500 1291 1538; x_wconf 78' lang='lat' dir='ltr'>excita-</span> 
     </span>
     <span class='ocr_line' id='line_1_25' title="bbox 23 1554 1293 1608; baseline -0.002 -12"><span class='ocrx_word' id='word_1_235' title='bbox 23 1569 74 1596; x_wconf 83' lang='lat' dir='ltr'>ta.</span> <span class='ocrx_word' id='word_1_236' title='bbox 96 1555 294 1596; x_wconf 83' lang='lat' dir='ltr'>Praeclare</span> <span class='ocrx_word' id='word_1_237' title='bbox 311 1557 426 1608; x_wconf 86' lang='lat' dir='ltr'>igitur</span> <span class='ocrx_word' id='word_1_238' title='bbox 441 1556 672 1596; x_wconf 86' lang='lat' dir='ltr'>Menander:</span> <span class='ocrx_word' id='word_1_239' title='bbox 699 1555 863 1606; x_wconf 60' lang='grc' dir='ltr'><strong><em>ψεὺὃους</em></strong></span> <span class='ocrx_word' id='word_1_240' title='bbox 878 1554 1035 1599; x_wconf 61' lang='grc' dir='ltr'><strong><em>ἒιαβολῆ</em></strong></span> <span class='ocrx_word' id='word_1_241' title='bbox 1053 1557 1117 1593; x_wconf 67' lang='grc' dir='ltr'><strong><em>τον</em></strong></span> <span class='ocrx_word' id='word_1_242' title='bbox 1133 1554 1208 1598; x_wconf 76' lang='grc' dir='ltr'><strong><em>βίον</em></strong></span> <span class='ocrx_word' id='word_1_243' title='bbox 1228 1565 1293 1593; x_wconf 85' lang='grc' dir='ltr'>λυ-</span> 
     </span>
     <span class='ocr_line' id='line_1_26' title="bbox 22 1608 1292 1662; baseline -0.001 -13"><span class='ocrx_word' id='word_1_244' title='bbox 22 1609 225 1662; x_wconf 76' lang='grc' dir='ltr'><strong><em>μαίνεται,</em></strong></span> <span class='ocrx_word' id='word_1_245' title='bbox 245 1612 407 1651; x_wconf 73' lang='lat' dir='ltr'>mendacii</span> <span class='ocrx_word' id='word_1_246' title='bbox 426 1611 598 1650; x_wconf 77' lang='lat' dir='ltr'>calumnia</span> <span class='ocrx_word' id='word_1_247' title='bbox 612 1611 716 1649; x_wconf 82' lang='lat' dir='ltr'>vitam</span> <span class='ocrx_word' id='word_1_248' title='bbox 727 1609 917 1662; x_wconf 66' lang='lat' dir='ltr'>labefaflat.</span> <span class='ocrx_word' id='word_1_249' title='bbox 937 1608 1162 1661; x_wconf 82' lang='lat' dir='ltr'>Exemplum</span> <span class='ocrx_word' id='word_1_250' title='bbox 1180 1621 1292 1660; x_wconf 81' lang='lat' dir='ltr'>prae-</span> 
     </span>
     <span class='ocr_line' id='line_1_27' title="bbox 23 1663 1294 1718; baseline -0.002 -14"><span class='ocrx_word' id='word_1_251' title='bbox 23 1675 83 1704; x_wconf 83' lang='lat' dir='ltr'>ter</span> <span class='ocrx_word' id='word_1_252' title='bbox 104 1676 231 1704; x_wconf 87' lang='lat' dir='ltr'>cetera</span> <span class='ocrx_word' id='word_1_253' title='bbox 252 1667 448 1718; x_wconf 85' lang='lat' dir='ltr'>egregium</span> <span class='ocrx_word' id='word_1_254' title='bbox 466 1664 520 1704; x_wconf 90' lang='lat' dir='ltr'>est</span> <span class='ocrx_word' id='word_1_255' title='bbox 532 1666 632 1717; x_wconf 89' lang='lat' dir='ltr'>apud</span> <span class='ocrx_word' id='word_1_256' title='bbox 653 1664 862 1704; x_wconf 88' lang='lat' dir='ltr'>Phaedrum</span> <span class='ocrx_word' id='word_1_257' title='bbox 884 1663 956 1704; x_wconf 86' lang='lat' dir='ltr'>fab.</span> <span class='ocrx_word' id='word_1_258' title='bbox 970 1677 1015 1708; x_wconf 85' lang='lat'>2,</span> <span class='ocrx_word' id='word_1_259' title='bbox 1036 1663 1088 1701; x_wconf 87' lang='lat' dir='ltr'>lib</span> <span class='ocrx_word' id='word_1_260' title='bbox 1103 1664 1164 1710; x_wconf 87' lang='lat' dir='ltr'>V;</span> <span class='ocrx_word' id='word_1_261' title='bbox 1188 1674 1231 1701; x_wconf 90' lang='lat' dir='ltr'>ut</span> <span class='ocrx_word' id='word_1_262' title='bbox 1244 1674 1294 1702; x_wconf 78' lang='lat' dir='ltr'>ne</span> 
     </span>
    </p>

    <p class='ocr_par' dir='ltr' id='par_1_4' title="bbox 0 1716 1295 1773">
     <span class='ocr_line' id='line_1_28' title="bbox 0 1716 1295 1773; baseline -0.002 -15"><span class='ocrx_word' id='word_1_263' title='bbox 0 1720 1 1723; x_wconf 73' lang='grc'>’</span> <span class='ocrx_word' id='word_1_264' title='bbox 22 1719 117 1771; x_wconf 89' lang='lat' dir='ltr'>quid</span> <span class='ocrx_word' id='word_1_265' title='bbox 130 1720 176 1758; x_wconf 94' lang='lat' dir='ltr'>de</span> <span class='ocrx_word' id='word_1_266' title='bbox 189 1717 368 1773; x_wconf 80' lang='lat' dir='ltr'>Philippis</span> <span class='ocrx_word' id='word_1_267' title='bbox 384 1720 503 1759; x_wconf 86' lang='lat' dir='ltr'>dicam</span> <span class='ocrx_word' id='word_1_268' title='bbox 514 1750 526 1766; x_wconf 93' lang='lat'><em>‚</em></span> <span class='ocrx_word' id='word_1_269' title='bbox 552 1719 804 1758; x_wconf 84' lang='lat' dir='ltr'>Macedoniae</span> <span class='ocrx_word' id='word_1_270' title='bbox 819 1719 971 1771; x_wconf 78' lang='lat' dir='ltr'>regibus</span> <span class='ocrx_word' id='word_1_271' title='bbox 984 1747 995 1763; x_wconf 69' lang='lat'>‚</span> <span class='ocrx_word' id='word_1_272' title='bbox 1016 1730 1185 1767; x_wconf 85' lang='lat' dir='ltr'>quorum</span> <span class='ocrx_word' id='word_1_273' title='bbox 1201 1716 1295 1755; x_wconf 81' lang='lat' dir='ltr'>alte·</span> 
     </span>
    </p>

    <p class='ocr_par' dir='ltr' id='par_1_5' title="bbox 20 1770 1295 1928">
     <span class='ocr_line' id='line_1_29' title="bbox 20 1770 1295 1821; baseline -0.002 -9"><span class='ocrx_word' id='word_1_274' title='bbox 20 1774 100 1812; x_wconf 89' lang='lat' dir='ltr'>rius</span> <span class='ocrx_word' id='word_1_275' title='bbox 115 1771 198 1812; x_wconf 86' lang='lat' dir='ltr'>filio</span> <span class='ocrx_word' id='word_1_276' title='bbox 210 1773 433 1814; x_wconf 86' lang='lat' dir='ltr'>Alexandro</span> <span class='ocrx_word' id='word_1_277' title='bbox 446 1773 576 1821; x_wconf 75' lang='lat' dir='ltr'>exsilii,</span> <span class='ocrx_word' id='word_1_278' title='bbox 588 1773 743 1812; x_wconf 89' lang='lat' dir='ltr'>alterius</span> <span class='ocrx_word' id='word_1_279' title='bbox 755 1772 959 1812; x_wconf 84' lang='lat' dir='ltr'>Demetrio</span> <span class='ocrx_word' id='word_1_280' title='bbox 970 1772 1070 1811; x_wconf 90' lang='lat' dir='ltr'>necis</span> <span class='ocrx_word' id='word_1_281' title='bbox 1083 1770 1196 1810; x_wconf 89' lang='lat' dir='ltr'>causa</span> <span class='ocrx_word' id='word_1_282' title='bbox 1208 1770 1295 1809; x_wconf 87' lang='lat' dir='ltr'>fuit.</span> 
     </span>
     <span class='ocr_line' id='line_1_30' title="bbox 23 1825 1293 1880; baseline -0.002 -13"><span class='ocrx_word' id='word_1_283' title='bbox 23 1826 96 1867; x_wconf 87' lang='lat' dir='ltr'>Sed</span> <span class='ocrx_word' id='word_1_284' title='bbox 110 1826 238 1878; x_wconf 87' lang='lat' dir='ltr'>&amp;ipse</span> <span class='ocrx_word' id='word_1_285' title='bbox 253 1828 472 1867; x_wconf 85' lang='lat' dir='ltr'>Alexander</span> <span class='ocrx_word' id='word_1_286' title='bbox 487 1828 549 1867; x_wconf 92' lang='lat' dir='ltr'>vel</span> <span class='ocrx_word' id='word_1_287' title='bbox 565 1825 667 1867; x_wconf 82' lang='lat' dir='ltr'>solus</span> <span class='ocrx_word' id='word_1_288' title='bbox 680 1825 791 1880; x_wconf 87' lang='lat' dir='ltr'>poffit</span> <span class='ocrx_word' id='word_1_289' title='bbox 805 1827 994 1871; x_wconf 80' lang='lat' dir='ltr'>sufficere,</span> <span class='ocrx_word' id='word_1_290' title='bbox 1016 1837 1058 1864; x_wconf 89' lang='lat' dir='ltr'>ut</span> <span class='ocrx_word' id='word_1_291' title='bbox 1070 1857 1080 1873; x_wconf 89' lang='lat'><em>‚</em></span> <span class='ocrx_word' id='word_1_292' title='bbox 1101 1837 1293 1879; x_wconf 87' lang='lat' dir='ltr'>quantum</span> 
     </span>
     <span class='ocr_line' id='line_1_31' title="bbox 23 1880 1118 1928; baseline -0.002 -7"><span class='ocrx_word' id='word_1_293' title='bbox 23 1882 113 1921; x_wconf 90' lang='lat' dir='ltr'>mali</span> <span class='ocrx_word' id='word_1_294' title='bbox 129 1881 356 1921; x_wconf 84' lang='lat' dir='ltr'>mortalibus</span> <span class='ocrx_word' id='word_1_295' title='bbox 369 1881 504 1922; x_wconf 86' lang='lat' dir='ltr'>afferat</span> <span class='ocrx_word' id='word_1_296' title='bbox 515 1881 718 1928; x_wconf 87' lang='lat' dir='ltr'>calumnia,</span> <span class='ocrx_word' id='word_1_297' title='bbox 731 1881 963 1921; x_wconf 86' lang='lat' dir='ltr'>ostendatur.</span> <span class='ocrx_word' id='word_1_298' title='bbox 985 1880 1118 1919; x_wconf 75' lang='lat' dir='ltr'>Tou..</span> 
     </span>
    </p>

    <p class='ocr_par' dir='ltr' id='par_1_6' title="bbox 21 1931 1295 2194">
     <span class='ocr_line' id='line_1_32' title="bbox 78 1931 1294 1990; baseline 0 -16"><span class='ocrx_word' id='word_1_299' title='bbox 78 1935 189 1974; x_wconf 86' lang='lat' dir='ltr'>ead.l.</span> <span class='ocrx_word' id='word_1_300' title='bbox 208 1949 267 1983; x_wconf 84' lang='lat'>14.</span> <span class='ocrx_word' id='word_1_301' title='bbox 289 1935 463 1987; x_wconf 61' lang='grc' dir='ltr'>Καθάπερ</span> <span class='ocrx_word' id='word_1_302' title='bbox 477 1936 543 1975; x_wconf 75' lang='grc' dir='ltr'>ἐπί</span> <span class='ocrx_word' id='word_1_303' title='bbox 556 1951 653 1976; x_wconf 82' lang='grc' dir='ltr'><strong><em>τινος</em></strong></span> <span class='ocrx_word' id='word_1_304' title='bbox 664 1934 828 1990; x_wconf 68' lang='grc' dir='ltr'>γραφῆς)</span> <span class='ocrx_word' id='word_1_305' title='bbox 854 1935 975 1975; x_wconf 91' lang='lat' dir='ltr'>Velut</span> <span class='ocrx_word' id='word_1_306' title='bbox 998 1936 1036 1973; x_wconf 91' lang='lat' dir='ltr'>in</span> <span class='ocrx_word' id='word_1_307' title='bbox 1062 1931 1209 1973; x_wconf 89' lang='lat' dir='ltr'>tabella.</span> <span class='ocrx_word' id='word_1_308' title='bbox 1232 1931 1294 1974; x_wconf 83' lang='lat' dir='ltr'>Sic</span> 
     </span>
     <span class='ocr_line' id='line_1_33' title="bbox 25 1988 1295 2044; baseline -0.002 -16"><span class='ocrx_word' id='word_1_309' title='bbox 25 1989 199 2029; x_wconf 79' lang='lat' dir='ltr'>Velleius</span> <span class='ocrx_word' id='word_1_310' title='bbox 222 1989 285 2028; x_wconf 82' lang='lat' dir='ltr'>lib.</span> <span class='ocrx_word' id='word_1_311' title='bbox 303 1990 358 2029; x_wconf 87' lang='lat' dir='ltr'>Il:</span> <span class='ocrx_word' id='word_1_312' title='bbox 389 1992 469 2030; x_wconf 87' lang='lat' dir='ltr'>Nos</span> <span class='ocrx_word' id='word_1_313' title='bbox 492 2006 646 2030; x_wconf 85' lang='lat' dir='ltr'>memores</span> <span class='ocrx_word' id='word_1_314' title='bbox 663 1989 874 2044; x_wconf 72' lang='lat' dir='ltr'>proseffionis</span> <span class='ocrx_word' id='word_1_315' title='bbox 902 1988 1092 2040; x_wconf 61' lang='lat' dir='ltr'>universnm</span> <span class='ocrx_word' id='word_1_316' title='bbox 1116 1988 1295 2041; x_wconf 76' lang='lat' dir='ltr'>imaginem</span> 
     </span>
     <span class='ocr_line' id='line_1_34' title="bbox 21 2042 1294 2099; baseline -0.002 -17"><span class='ocrx_word' id='word_1_317' title='bbox 21 2043 236 2098; x_wconf 82' lang='lat' dir='ltr'>principatus</span> <span class='ocrx_word' id='word_1_318' title='bbox 249 2046 320 2083; x_wconf 87' lang='lat' dir='ltr'>eius</span> <span class='ocrx_word' id='word_1_319' title='bbox 335 2046 442 2084; x_wconf 82' lang='lat' dir='ltr'>oculis</span> <span class='ocrx_word' id='word_1_320' title='bbox 457 2045 642 2099; x_wconf 73' lang='lat' dir='ltr'>animisque</span> <span class='ocrx_word' id='word_1_321' title='bbox 649 2046 862 2096; x_wconf 83' lang='lat' dir='ltr'>subiecimus.</span> <span class='ocrx_word' id='word_1_322' title='bbox 891 2045 964 2084; x_wconf 88' lang='lat' dir='ltr'>Ubi</span> <span class='ocrx_word' id='word_1_323' title='bbox 978 2048 1023 2083; x_wconf 70' lang='grc' dir='ltr'><strong><em>το</em></strong></span> <span class='ocrx_word' id='word_1_324' title='bbox 1036 2043 1220 2095; x_wconf 69' lang='lat' dir='ltr'>animisqite</span> <span class='ocrx_word' id='word_1_325' title='bbox 1242 2042 1294 2080; x_wconf 86' lang='lat' dir='ltr'>ab</span> 
     </span>
     <span class='ocr_line' id='line_1_35' title="bbox 24 2093 1294 2152; baseline -0.003 -14"><span class='ocrx_word' id='word_1_326' title='bbox 24 2098 148 2138; x_wconf 89' lang='lat' dir='ltr'>aliena</span> <span class='ocrx_word' id='word_1_327' title='bbox 162 2111 278 2138; x_wconf 92' lang='lat' dir='ltr'>manu</span> <span class='ocrx_word' id='word_1_328' title='bbox 292 2128 303 2144; x_wconf 79' lang='lat'><strong>‚</strong></span> <span class='ocrx_word' id='word_1_329' title='bbox 329 2099 503 2152; x_wconf 82' lang='lat' dir='ltr'>adeoque</span> <span class='ocrx_word' id='word_1_330' title='bbox 523 2100 777 2140; x_wconf 88' lang='lat' dir='ltr'>inducendum</span> <span class='ocrx_word' id='word_1_331' title='bbox 801 2099 919 2138; x_wconf 83' lang='lat' dir='ltr'>videri</span> <span class='ocrx_word' id='word_1_332' title='bbox 940 2097 1075 2151; x_wconf 87' lang='lat' dir='ltr'>poffit;</span> <span class='ocrx_word' id='word_1_333' title='bbox 1098 2109 1224 2150; x_wconf 89' lang='lat' dir='ltr'>neque</span> <span class='ocrx_word' id='word_1_334' title='bbox 1239 2093 1294 2135; x_wconf 89' lang='lat' dir='ltr'>est</span> 
     </span>
     <span class='ocr_line' id='line_1_36' title="bbox 26 2152 1126 2194; baseline 0.002 -3"><span class='ocrx_word' id='word_1_335' title='bbox 26 2162 168 2192; x_wconf 81' lang='lat' dir='ltr'>tamen.</span> <span class='ocrx_word' id='word_1_336' title='bbox 179 2152 240 2191; x_wconf 79' lang='grc' dir='ltr'>Ἓν</span> <span class='ocrx_word' id='word_1_337' title='bbox 253 2152 324 2192; x_wconf 65' lang='lat' dir='ltr'>sab.</span> <span class='ocrx_word' id='word_1_338' title='bbox 335 2152 448 2194; x_wconf 52' lang='grc' dir='ltr'><strong><em>δυοῖν.</em></strong></span> <span class='ocrx_word' id='word_1_339' title='bbox 471 2154 601 2193; x_wconf 83' lang='lat' dir='ltr'><strong>TOLL.</strong></span> <span class='ocrx_word' id='word_1_340' title='bbox 1124 2160 1126 2163; x_wconf 86' lang='lat'>&#39;</span> 
     </span>
    </p>

    <p class='ocr_par' dir='ltr' id='par_1_7' title="bbox 26 2203 1299 2477">
     <span class='ocr_line' id='line_1_37' title="bbox 81 2203 1297 2260; baseline -0.002 -16"><span class='ocrx_word' id='word_1_341' title='bbox 81 2209 156 2246; x_wconf 81' lang='lat' dir='ltr'>ead.</span> <span class='ocrx_word' id='word_1_342' title='bbox 169 2207 193 2246; x_wconf 92' lang='lat' dir='ltr'>l.</span> <span class='ocrx_word' id='word_1_343' title='bbox 207 2208 264 2247; x_wconf 90' lang='lat'>16.</span> <span class='ocrx_word' id='word_1_344' title='bbox 276 2206 462 2247; x_wconf 72' lang='grc' dir='ltr'><strong><em>Ἀπελλῆς</em></strong></span> <span class='ocrx_word' id='word_1_345' title='bbox 474 2207 490 2246; x_wconf 81' lang='grc' dir='ltr'>ὅ</span> <span class='ocrx_word' id='word_1_346' title='bbox 503 2207 684 2260; x_wconf 77' lang='grc' dir='ltr'><strong><em>Ἐφέσιος)</em></strong></span> <span class='ocrx_word' id='word_1_347' title='bbox 699 2206 759 2246; x_wconf 87' lang='lat' dir='ltr'>Ad</span> <span class='ocrx_word' id='word_1_348' title='bbox 774 2205 1045 2246; x_wconf 67' lang='lat' dir='ltr'>distinffionem</span> <span class='ocrx_word' id='word_1_349' title='bbox 1061 2203 1164 2244; x_wconf 86' lang='lat' dir='ltr'>istius</span> <span class='ocrx_word' id='word_1_350' title='bbox 1176 2203 1297 2255; x_wconf 88' lang='lat' dir='ltr'>Apel-</span> 
     </span>
     <span class='ocr_line' id='line_1_38' title="bbox 26 2259 1299 2314; baseline -0.002 -15"><span class='ocrx_word' id='word_1_351' title='bbox 26 2259 92 2307; x_wconf 90' lang='lat' dir='ltr'>lis,</span> <span class='ocrx_word' id='word_1_352' title='bbox 110 2261 176 2313; x_wconf 90' lang='lat' dir='ltr'>qui</span> <span class='ocrx_word' id='word_1_353' title='bbox 188 2260 256 2300; x_wconf 93' lang='lat' dir='ltr'>sub</span> <span class='ocrx_word' id='word_1_354' title='bbox 270 2261 493 2301; x_wconf 82' lang='lat' dir='ltr'>Alexandro</span> <span class='ocrx_word' id='word_1_355' title='bbox 509 2262 550 2302; x_wconf 75' lang='grc' dir='ltr'>δι</span> <span class='ocrx_word' id='word_1_356' title='bbox 566 2263 788 2302; x_wconf 82' lang='lat' dir='ltr'>Ptolemaeo</span> <span class='ocrx_word' id='word_1_357' title='bbox 805 2262 894 2314; x_wconf 80' lang='lat' dir='ltr'>Lagi</span> <span class='ocrx_word' id='word_1_358' title='bbox 911 2262 1029 2306; x_wconf 85' lang='lat' dir='ltr'>vixit,</span> <span class='ocrx_word' id='word_1_359' title='bbox 1053 2260 1209 2298; x_wconf 77' lang='lat' dir='ltr'>maximi</span> <span class='ocrx_word' id='word_1_360' title='bbox 1224 2270 1299 2297; x_wconf 89' lang='lat' dir='ltr'>no-</span> 
     </span>
     <span class='ocr_line' id='line_1_39' title="bbox 28 2314 1299 2368; baseline -0.001 -16"><span class='ocrx_word' id='word_1_361' title='bbox 28 2315 140 2354; x_wconf 88' lang='lat' dir='ltr'>minis</span> <span class='ocrx_word' id='word_1_362' title='bbox 151 2315 191 2354; x_wconf 87' lang='lat'>&amp;</span> <span class='ocrx_word' id='word_1_363' title='bbox 204 2316 311 2362; x_wconf 89' lang='lat' dir='ltr'>artis,</span> <span class='ocrx_word' id='word_1_364' title='bbox 325 2315 404 2356; x_wconf 90' lang='lat' dir='ltr'>Coi</span> <span class='ocrx_word' id='word_1_365' title='bbox 415 2317 545 2368; x_wconf 87' lang='lat' dir='ltr'>patria.</span> <span class='ocrx_word' id='word_1_366' title='bbox 560 2317 635 2356; x_wconf 90' lang='lat' dir='ltr'>Hic</span> <span class='ocrx_word' id='word_1_367' title='bbox 647 2328 775 2356; x_wconf 86' lang='lat' dir='ltr'>autem</span> <span class='ocrx_word' id='word_1_368' title='bbox 791 2317 912 2368; x_wconf 81' lang='lat' dir='ltr'>patria</span> <span class='ocrx_word' id='word_1_369' title='bbox 924 2314 1215 2365; x_wconf 85' lang='lat' dir='ltr'>Colophonius,</span> <span class='ocrx_word' id='word_1_370' title='bbox 1228 2324 1299 2351; x_wconf 91' lang='lat' dir='ltr'>ve-</span> 
     </span>
     <span class='ocr_line' id='line_1_40' title="bbox 26 2366 1297 2422; baseline -0.002 -15"><span class='ocrx_word' id='word_1_371' title='bbox 26 2381 112 2408; x_wconf 86' lang='lat' dir='ltr'>rum</span> <span class='ocrx_word' id='word_1_372' title='bbox 125 2368 242 2415; x_wconf 64' lang='grc' dir='ltr'><em>Βέσει,</em></span> <span class='ocrx_word' id='word_1_373' title='bbox 259 2370 295 2408; x_wconf 93' lang='lat' dir='ltr'>id</span> <span class='ocrx_word' id='word_1_374' title='bbox 315 2369 380 2416; x_wconf 85' lang='lat' dir='ltr'>est,</span> <span class='ocrx_word' id='word_1_375' title='bbox 393 2371 617 2422; x_wconf 83' lang='lat' dir='ltr'>adoptione,</span> <span class='ocrx_word' id='word_1_376' title='bbox 637 2369 710 2410; x_wconf 89' lang='lat' dir='ltr'>fuit</span> <span class='ocrx_word' id='word_1_377' title='bbox 724 2369 921 2422; x_wconf 78' lang='lat' dir='ltr'>Ephesius,</span> <span class='ocrx_word' id='word_1_378' title='bbox 938 2369 1029 2409; x_wconf 88' lang='lat' dir='ltr'>teste</span> <span class='ocrx_word' id='word_1_379' title='bbox 1042 2368 1174 2414; x_wconf 86' lang='lat' dir='ltr'>Suida,</span> <span class='ocrx_word' id='word_1_380' title='bbox 1185 2366 1297 2406; x_wconf 87' lang='lat' dir='ltr'>Pam-</span> 
     </span>
     <span class='ocr_line' id='line_1_41' title="bbox 29 2422 811 2477; baseline 0.004 -16"><span class='ocrx_word' id='word_1_381' title='bbox 29 2422 121 2476; x_wconf 90' lang='lat' dir='ltr'>phili</span> <span class='ocrx_word' id='word_1_382' title='bbox 135 2423 426 2476; x_wconf 81' lang='lat' dir='ltr'>Amphipolitae</span> <span class='ocrx_word' id='word_1_383' title='bbox 438 2424 652 2477; x_wconf 86' lang='lat' dir='ltr'>discipulus.</span> <span class='ocrx_word' id='word_1_384' title='bbox 678 2425 811 2464; x_wconf 82' lang='lat' dir='ltr'>TOLL.</span> 
     </span>
    </p>

    <p class='ocr_par' dir='ltr' id='par_1_8' title="bbox 36 2472 1303 2587">
     <span class='ocr_line' id='line_1_42' title="bbox 86 2472 1301 2533; baseline -0.002 -17"><span class='ocrx_word' id='word_1_385' title='bbox 86 2477 178 2530; x_wconf 81' lang='lat' dir='ltr'>Pag.</span> <span class='ocrx_word' id='word_1_386' title='bbox 196 2479 290 2531; x_wconf 76' lang='lat' dir='ltr'><em>3⁴3.l.</em></span> <span class='ocrx_word' id='word_1_387' title='bbox 311 2491 341 2517; x_wconf 89' lang='lat'>1.</span> <span class='ocrx_word' id='word_1_388' title='bbox 355 2483 450 2531; x_wconf 69' lang='grc' dir='ltr'><strong><em>Προς</em></strong></span> <span class='ocrx_word' id='word_1_389' title='bbox 465 2479 719 2533; x_wconf 71' lang='grc' dir='ltr'><strong><em>Πτολεμαῖον)</em></strong></span> <span class='ocrx_word' id='word_1_390' title='bbox 739 2478 1003 2529; x_wconf 77' lang='grc' dir='ltr'><strong><em>Φιλοπάτορα,</em></strong></span> <span class='ocrx_word' id='word_1_391' title='bbox 1016 2477 1230 2529; x_wconf 79' lang='lat' dir='ltr'>Evergetae</span> <span class='ocrx_word' id='word_1_392' title='bbox 1252 2472 1301 2513; x_wconf 85' lang='lat' dir='ltr'>fi-</span> 
     </span>
     <span class='ocr_line' id='line_1_43' title="bbox 36 2529 1303 2587; baseline -0.004 -15"><span class='ocrx_word' id='word_1_393' title='bbox 36 2530 154 2580; x_wconf 87' lang='lat' dir='ltr'>lium,</span> <span class='ocrx_word' id='word_1_394' title='bbox 178 2533 245 2586; x_wconf 89' lang='lat' dir='ltr'>qui</span> <span class='ocrx_word' id='word_1_395' title='bbox 266 2543 424 2587; x_wconf 84' lang='lat' dir='ltr'>quartus</span> <span class='ocrx_word' id='word_1_396' title='bbox 445 2533 758 2575; x_wconf 78' lang='lat' dir='ltr'>Ptolemaeorum</span> <span class='ocrx_word' id='word_1_397' title='bbox 772 2534 948 2587; x_wconf 87' lang='lat' dir='ltr'>Aegypti</span> <span class='ocrx_word' id='word_1_398' title='bbox 968 2545 1037 2572; x_wconf 87' lang='lat' dir='ltr'>rex</span> <span class='ocrx_word' id='word_1_399' title='bbox 1056 2531 1128 2572; x_wconf 82' lang='lat' dir='ltr'>fuit</span> <span class='ocrx_word' id='word_1_400' title='bbox 1141 2560 1154 2577; x_wconf 91' lang='lat'>,</span> <span class='ocrx_word' id='word_1_401' title='bbox 1176 2529 1303 2569; x_wconf 67' lang='lat' dir='ltr'>Gallus</span> 
     </span>
    </p>
   </div>
  </div>
 </body>
</html>
