1835 3408
491 189 584 248 476
700 185 1561 234 'A‘NNOTATIONES

491 284 601 312 cetur
615 273 705 322 βίος,
719 274 840 315 Dion.
864 275 950 315 Hal.
969 274 1045 321 IV,
1065 287 1152 328 pag.
1173 274 1260 329 238.
1285 275 1436 315 Arrian.
1457 275 1555 330 Exp.
1581 273 1643 316 Al.
1660 275 1746 326 vl,

492 339 557 378 25.
574 327 710 367 Zofim.
734 329 770 376 1,
794 343 857 378 70.
877 329 1037 368 MAms.

547 382 620 419 ead.
636 383 658 419 l.
676 394 734 432 15.
748 381 951 429 Ξενοφάνης
969 381 1014 420 se
1034 381 1050 419 ὃ
1070 381 1250 434 Δεξίνου)
1270 382 1359 421 Vid.
1377 381 1497 434 Diog.
1511 382 1637 422 Laeft.
1658 395 1744 436 pag.

496 445 588 480 241,
609 434 646 473 δι
664 434 785 477 clem.
805 436 915 474 Alex.
936 434 1038 488 apud
1059 448 1159 488 quos
1177 436 1310 486 Δεξΐος
1323 436 1459 475 dicitur
1474 446 1577 487 pater
1592 435 1654 474 vel
1667 436 1745 487 ‘op-

495 486 666 535 ἰδομένης.
679 487 835 528 soum.
851 487 886 528 C
907 488 1065 540 amplius
1077 489 1182 527 annis
1196 487 1342 537 vixisse,
1356 490 1598 539 quorundam
1612 488 1747 529 aueto-

495 539 606 578 ritate
626 542 736 581 nixus
758 542 958 581 arbitratur
980 541 1121 581 Fabric.
1142 541 1238 583 Bibl.
1255 541 1324 583 Gr.
1348 541 1405 589 11,
1424 556 1486 595 23,
1508 540 1544 592 p.
1567 551 1659 593 757,
1677 541 1744 594 qui

495 602 623 632 tamen
638 594 674 632 in
691 607 786 633 nott.
802 596 846 633 ad
868 595 967 634 Sext.
992 595 1097 646 Emp.
1119 594 1158 640 Ι,
1181 609 1193 633 ι
1205 609 1225 633 2
1237 625 1247 640 ‚
1272 608 1357 648 pag.
1374 608 1474 644 270,
1489 595 1563 635 XC
1580 594 1745 647 amplius

496 658 620 685 annos
634 659 681 687 ex
697 659 821 688 mente
835 649 959 688 Laert.
978 648 1017 687 &
1034 649 1189 688 Luciani
1207 649 1325 687 eidem
1338 649 1482 688 tribuit.
1495 649 1653 689 MAlus.
1670 648 1743 688 Sed

497 699 534 737 in
554 711 652 738 nott.
673 703 720 739 ad
743 701 843 741 Sext.
861 702 968 753 Emp.
989 701 1025 746 l,
1047 716 1083 754 p.
1106 702 1149 754 58
1163 733 1175 748 ,
1195 703 1268 740 ait:
1291 703 1435 741 Lucian.
1457 705 1492 742 in
1509 703 1666 742 Macrob.
1681 718 1747 742 an-

499 768 560 790 nos
573 754 602 791 ei
623 756 738 793 tribuit
749 771 852 795 unum
866 757 900 794 6³
914 757 1110 808 nonaginta.
1134 755 1187 793 At
1202 757 1263 795 lzoc
1283 756 1402 806 refellit
1421 755 1489 807 ipse
1506 758 1747 807 Xenophanes,

500 807 611 844 XCII
626 810 748 847 aetatis
764 809 852 859 suae
867 824 995 847 annum
1023 824 1278 848 commemorans
1295 811 1330 847 itt
1353 811 1510 860 versibus,
1525 824 1609 862 quos
1621 809 1747 861 serva-

500 861 551 898 vit
568 861 682 901 Laert.
708 863 791 909 IX,
813 879 822 900 ι
827 878 864 911 9.
886 864 1002 915 Itaque
1021 865 1057 901 in
1082 864 1185 901 codd.
1209 863 1354 902 Luciam'
1375 863 1467 914 forte
1477 878 1645 916 perperam
1657 864 1748 914 firi·

494 925 592 967 ptum
607 930 629 952 a
649 916 795 954 librariis
811 917 880 956 πηοί
896 932 958 968 pro
971 915 1037 967 ςοὸ.
1058 916 1201 955 REITZ.

554 968 631 1007 ibid.
646 969 818 1022 Δεξίνου)
834 970 966 1021 Δεξίου
987 969 1162 1021 scriptum
1182 968 1232 1008 est
1250 983 1308 1021 ap.
1325 970 1447 1009 Laert.
1464 970 1644 1012 MENAG.
1658 969 1749 1011 Vid-

500 1018 620 1073 Diog.
636 1023 758 1062 Laert.
781 1024 818 1062 in
841 1025 917 1062 vita
937 1023 1208 1075 XenophaniS,
1228 1024 1268 1062 &
1290 1025 1328 1062 in
1348 1036 1431 1063 eam
1455 1023 1751 1064 Commentator-

497 1075 761 1116 eruditiffimus
773 1078 910 1129 Aegid.
924 1078 1077 1129 Menag.
1093 1079 1256 1116 ALMEL.

554 1129 634 1168 ibid.
647 1131 872 1184 Ἀρχελάου)
895 1130 1015 1178 Sunt,
1028 1131 1094 1183 qui
1117 1131 1261 1169 nullum
1281 1132 1316 1169 ei
1336 1129 1443 1170 fuifl'e
1461 1143 1748 1184 praeceptorem

499 1182 669 1230 tradant;
687 1188 751 1237 qui
779 1186 1011 1231 concedunt,
1033 1197 1055 1222 a
1077 1185 1231 1224 Botone
1249 1185 1472 1224 Atheniensi
1493 1185 1648 1228 doctum
1671 1198 1752 1225 vo·-

497 1234 594 1275 lunt.
613 1236 729 1290 Diog.
747 1238 870 1277 Laert.
888 1240 935 1277 ib,
952 1238 1004 1277 D.
1017 1238 1173 1277 SOLAN.
1733 1277 1737 1281 .

552 1293 625 1329 ead.
650 1292 674 1329 l.
700 1293 822 1332 16:¹2⁹
838 1293 900 1331 mi
921 1290 1086 1344 ἐνενὴκ.)
1111 1289 1341 1331 Censorinus
1365 1291 1412 1330 de
1438 1291 1498 1331 die
1517 1291 1630 1331 natali
1649 1291 1753 1332 ultra

483 1343 745 1387 ⁴centefimum
780 1347 900 1385 vitam
936 1345 1150 1398 produxiffe
1178 1346 1298 1385 tradit.
1325 1344 1467 1397 (Certe
1497 1345 1755 1398 Xenophanes

501 1396 579 1445 ipse
597 1398 634 1437 in
652 1400 819 1439 verfibus
835 1400 931 1451 apud
948 1399 1138 1438 Laertium
1154 1399 1205 1437 ib.
1229 1399 1271 1438 E.
1289 1399 1339 1437 ait
1353 1398 1389 1438 se
1405 1399 1537 1438 vixiffe
1552 1399 1695 1439 LXVII
1712 1401 1755 1442 ἂ

501 1449 635 1499 XXV,
653 1452 728 1493 hoc
750 1454 804 1495 est
825 1453 949 1493 XCII.
969 1453 1099 1492 dela
1111 1452 1239 1505 Faye.)
1261 1451 1428 1493 Consule
1452 1452 1587 1507 Scalig.
1611 1454 1657 1494 ad
1680 1454 1754 1495 Eu-

497 1502 575 1544 seb.
592 1505 736 1545 Chron.
758 1507 914 1547 SOLAN.

554 1558 645 1611 Pag.
666 1562 750 1601 126.
767 1561 792 1600 l.
808 1574 839 1599 1.
863 1560 1110 1612 Ξενοκράτης)
1128 1559 1248 1612 Diog.
1266 1560 1392 1600 Laert.
1416 1559 1598 1601 LXXXII
1622 1559 1756 1602 tribuit

500 1609 738 1663 Xenocrati,
749 1615 793 1654 L.
808 1614 882 1661 IV,
896 1628 932 1666 p.
945 1628 996 1667 99
1012 1615 1051 1653 E.
1072 1613 1261 1654 Meursius
1276 1625 1455 1654 neutrum
1469 1614 1624 1666 probat,
1636 1627 1752 1667 quem

500 1664 658 1708 consule
671 1669 717 1709 de
733 1669 849 1709 Arch.
866 1668 959 1708 Ath.
972 1668 1046 1714 IV,
1062 1680 1143 1721 cap.
1165 1681 1180 1707 1
1191 1681 1210 1706 2
1223 1698 1236 1717 ‚
1255 1681 1270 1707 1
1283 1681 1324 1721 ¹3
1342 1667 1384 1709 &
1400 1668 1483 1720 167.
1503 1667 1538 1708 Is
1552 1669 1652 1708 enim
1665 1667 1754 1709 cm

499 1719 637 1760 vixiffe
651 1723 856 1762 contendit.
875 1721 1035 1761 SOLAN.

552 1777 624 1813 ead.
641 1776 664 1815 l.
677 1790 709 1815 2.
729 1774 962 1828 Kapvelcsnf)
978 1775 1145 1814 Eundem
1158 1787 1348 1814 annorum
1363 1787 1567 1815 numerum
1581 1775 1621 1815 &
1631 1774 1756 1828 Diog.¹

499 1826 625 1867 Laert.
650 1829 763 1868 habet
784 1832 820 1868 in
841 1830 921 1868 eius
934 1829 1027 1878 vita,
1046 1843 1080 1881 p.
1098 1843 1112 1867 1
1126 1842 1139 1867 1
1150 1843 1170 1866 2
1185 1829 1225 1868 E.
1242 1829 1355 1880 Apud
1370 1828 1598 1869 Ciceronem
1612 1829 1654 1870 δι
1668 1830 1755 1870 Val.

499 1880 605 1921 Max.
621 1883 738 1929 V111,
755 1897 794 1932 7,
813 1884 1036 1934 ampliatum
1051 1883 1178 1922 ferunt
1193 1883 1238 1921 ad
1250 1882 1322 1923 XC
1335 1881 1464 1935 usque.
1489 1882 1647 1922 SOLAN.

552 1938 625 1977 ead.
639 1937 664 1974 l.
680 1951 711 1989 3.
730 1937 963 1989 Χρύσιππος)
976 1936 1138 1977 LXXIII
1149 1965 1160 1984 ‚
1176 1937 1277 1988 apud
1291 1936 1409 1989 Diog.
1422 1937 1549 1976 Laert.
1566 1950 1600 1989 p.
1615 1949 1689 1988 209
1701 1936 1753 1976 A.

499 1987 750 2041 O&oges1mo
765 2004 866 2030 anno
885 1990 1053 2030 relictam
1070 1990 1117 2029 ab
1135 2003 1184 2029 eo
1195 1990 1377 2042 Logicam
1393 2020 1406 2036 ‚
1429 2003 1542 2042 quam
1558 2001 1644 2030 ante
1659 2003 1757 2042 qua.-

498 2042 747 2096 dragesimum
761 2044 981 2092 inchoasset,
991 2044 1122 2083 Valer.
1137 2044 1298 2083 Maxim.
1312 2043 1583 2094 traditVlH,7.
1593 2044 1751 2084 SOLAN.

553 2101 627 2137 ead.
644 2098 669 2137 l.
684 2114 721 2148 4.
735 2099 914 2152 Διογένης
934 2098 978 2138 δὲ
1003 2097 1208 2145 ὃΣελεωι.)
1225 2098 1484 2149 Babylonium
1504 2109 1619 2138 vocat
1633 2098 1755 2150 Diog-

498 2150 627 2192 Laert.
641 2165 677 2204 p.
697 2165 768 2205 157
785 2153 832 2192 C.
854 2152 913 2191 sed
933 2153 977 2191 de
991 2162 1112 2191 aetate
1125 2181 1136 2196 ,
1162 2165 1250 2191 cum
1267 2152 1311 2190 de
1332 2164 1382 2191 eo
1396 2152 1520 2191 obiter
1539 2162 1687 2191 tantum
1701 2153 1756 2191 di-

499 2216 582 2254 cat,
606 2216 719 2246 tacet.
744 2206 942 2259 Diogenes
955 2217 1080 2245 autem
1096 2205 1311 2257 Sinopenfis
1331 2206 1612 2257 nonagenarius
1633 2218 1755 2258 prope

501 2258 673 2307 deceffit;
696 2260 782 2299 vide
793 2260 954 2299 eundem
970 2274 1003 2311 p.
1024 2259 1096 2309 156
1113 2259 1160 2298 A.
1184 2260 1288 2310 quod
1303 2260 1420 2298 miror
1436 2271 1459 2297 a
1471 2259 1640 2300 Luciano
1653 2272 1759 2312 prae-

500 2312 720 2353 termiffum.
741 2313 899 2353 SOLAN.
923 2313 1032 2352 Fabr.
1047 2313 1143 2352 Bibl.
1160 2312 1227 2352 Gr.
1241 2313 1318 2361 111,
1343 2326 1357 2350 1
1371 2326 1386 2364 ς
1402 2343 1414 2361 ,
1435 2326 1470 2365 p.
1485 2327 1576 2362 402.
1595 2312 1658 2352 De
1678 2325 1758 2352 me-

500 2367 673 2405 morabili
685 2367 767 2406 eius
781 2367 926 2408 femena
942 2367 1033 2406 nihii
1054 2365 1282 2406 affervatum
1296 2365 1350 2408 est
1371 2368 1407 2405 in
1422 2367 1610 2419 antiquis,
1631 2367 1698 2420 qui
1712 2365 1758 2406 ad

501 2432 573 2459 nos
592 2432 867 2471 pervenerunt,
891 2420 1124 2462 auetoribus.
1152 2421 1312 2460 Mnus,

551 2477 623 2515 ead.
637 2475 660 2515 l.
676 2487 707 2528 ς.
734 2474 1005 2528 Ποσειὲώνιος)
1030 2474 1167 2518 Strabo
1189 2474 1299 2519 XIV.
1323 2473 1387 2516 De
1409 2484 1532 2520 aetate
1553 2472 1670 2520 filent.
1687 2472 1761 2518 Sed
