1783 3403
189 219 256 263 ΙΝ
275 217 549 265 CALUMN.
569 218 713 266 NON
743 216 998 265 TEMERE
1023 214 1200 266 CRED.
1264 241 1358 286 407

146 309 228 349 ibid.
237 309 317 350 Ἐπ’
325 309 475 363 ἐκεῖνον)
488 309 571 349 Ἐπ’
580 310 692 350 ἐκεῖνο
705 310 859 364 interpr.
871 308 997 363 legiss'e
1009 309 1172 351 videtur.
1186 311 1357 355 GUYET.

144 365 220 402 ead.
233 364 259 402 l.
275 377 335 402 12.
346 364 400 403 Ἐς
412 360 542 417 αὐτόν)
560 363 758 404 Gloffema
770 365 930 403 videtur.
947 363 1115 404 GUYET.

147 419 221 456 ead.
237 418 261 456 l.
277 431 334 469 13.
352 417 494 456 Μηκέτι
517 418 665 471 σχολὴν
678 418 806 473 ἄγειν)
821 418 1012 457 Verterim
1025 432 1032 456 :
1047 419 1259 471 indagandae
1270 450 1281 465 ,
1293 422 1355 472 stu

87 469 368 523 perscrutandae,
385 472 521 510 veritati
541 487 607 511 non
627 474 723 511 modo
743 487 810 511 non
823 483 919 510 vacet
931 486 943 509 .·
962 487 1074 510 verum
1093 473 1214 519 etiam,
1225 475 1263 524 fi
1279 477 1355 525 quis

90 524 247 563 obieaum
266 524 388 562 crimen
409 524 531 564 diluere
554 525 717 571 voluerit,
738 542 805 565 non
822 526 981 564 admittat
997 525 1234 577 definfiomm,
1262 528 1354 578 inso-

92 576 197 615 lentia
207 578 343 616 auditae
353 578 612 624 criminationis,
621 591 782 632 tanquam
793 580 929 618 veritate
936 579 1355 632 praeoccupatus.TOLL.

144 633 218 670 ead.
235 633 256 669 l.
277 645 334 683 15.
347 630 410 669 Ὡς
423 631 577 684 ἀληθεῖ)
594 631 671 671 Nisi
693 633 825 672 ἀληθεῖ
835 634 895 672 hic
910 644 1047 672 neutro
1061 645 1199 685 genere
1213 635 1356 686 accipi-

90 693 154 723 tur
168 697 240 737 pro
251 684 506 732 substantivo,
523 686 724 739 legendum
740 687 801 725 hic
815 687 878 725 vel
891 686 1064 735 ἀληθείᾳ,
1082 688 1186 738 quod
1204 688 1328 726 malim
1343 703 1355 735 ;

91 737 158 776 vel
180 736 352 784 ἀληθοῦς,
371 749 415 778 ut
428 739 473 778 ad
489 740 701 791 ἀκροάσεως
721 739 919 780 referatur.
933 740 1069 780 ToLL,
1085 739 1242 789 Nescio,
1261 743 1354 793 quid

90 790 247 831 Tollius
270 792 479 832 haefitarit:
511 792 654 834 ἀληῗσεῖ
669 794 767 832 enim
797 806 899 833 certe
928 805 1107 833 neutrum
1135 793 1208 840 est,
1235 795 1275 835 δι
1300 795 1353 834 sa-

89 856 183 883 num
197 875 210 892 ,
235 858 279 885 ac
303 847 349 885 de
371 846 589 886 mutatione
612 859 659 885 ne
674 849 916 901 cogitandum
938 848 1105 901 quidem.
1122 849 1212 888 Vid.
1234 849 1356 902 paulo

89 897 202 951 supra
217 911 348 939 notam
362 900 485 939 lenfii.
498 900 645 940 Rmrz.

143 954 216 991 ead.
229 954 252 992 l.
270 955 328 994 16.
342 954 642 1004 Ἀνυσιμώτοιτον
654 956 732 1007 ’γὰρ
747 954 802 1007 ὂν)
824 953 1043 994 Atticismus
1053 984 1064 1001 ‚
1083 968 1154 1007 pro
1168 954 1353 1004 ἀνυσιμώ-

89 1019 207 1044 τοιτον
219 1007 298 1060 ’γάρ
312 1007 410 1047 ἐστι.
426 1008 485 1048 Sic
498 1009 658 1048 Homer.
677 1009 773 1047 iliad.
790 1014 823 1046 Θ
833 1039 846 1054 ,
859 1023 897 1048 ν.
915 1010 1008 1059 306:
1023 1006 1150 1048 Μίυιων
1162 1008 1200 1046 θ’
1214 1007 1261 1047 ὧς
1277 1008 1354 1048 ἑτέ-

87 1073 180 1110 ρωσε
206 1062 299 1112 κάρη
323 1061 461 1110 βάλεν,
487 1058 543 1101 iiT’
563 1062 614 1102 ἐνὶ
637 1060 742 1109 κήπῳ
764 1061 900 1115 Καρπῷ
918 1062 1099 1115 βριθομένη
1113 1093 1126 1108 ,
1150 1062 1290 1102 νοτίησί
1308 1077 1354 1102 τε

89 1111 292 1164 εἰαρινῇσιν.
313 1115 387 1155 Pro
409 1116 593 1168 βρίθεται.
619 1114 695 1155 Pro
711 1115 826 1156 ὁπότε
851 1116 978 1154 malim
992 1145 1004 1162 ‚
1022 1112 1069 1155 ὥς
1093 1117 1353 1158 ποτε.ΤΟΙ-Ι..

89 1165 391 1217 Ἀνυο-ιμώτοιτον
402 1172 483 1222 γὰρ
494 1169 530 1208 ’ὃν
543 1174 587 1209 το
600 1165 700 1209 {isos
712 1168 777 1209 ‘tiit
789 1168 989 1218 διαβολῆς,
1003 1172 1044 1206 τὶ)
1060 1169 1274 1208 ὑπεναντίον
1288 1170 1353 1211 τῆς

88 1218 156 1258 τοῦ
168 1220 361 1262 ἀκούοντος
375 1223 586 1272 ἐπιθυμίαις,
602 1223 718 1263 ὁπότε
739 1225 802 1262 καὶ
816 1225 922 1273 παρὰ
945 1224 1171 1272 Πτολεμαίῳ
1187 1223 1241 1273 τῷ
1258 1232 1351 1262 Διο-

87 1273 181 1324 νύσῳ
195 1275 452 1324 ἐπικληθέντι,
469 1276 620 1332 ἐγένετό
640 1291 699 1316 τις
711 1276 806 1329 &c.)
821 1275 977 1316 Peffime
990 1306 1001 1322 ,
1017 1277 1083 1315 nisi
1104 1277 1352 1317 veliementer

89 1340 152 1367 me
164 1331 312 1369 animus
324 1329 421 1370 fallit
433 1362 444 1380 ‚
463 1332 554 1370 haec
576 1329 651 1370 sese
672 1331 822 1369 habent.
837 1330 989 1369 Luxata
1003 1330 1055 1368 est
1072 1332 1181 1381 plane
1198 1332 1323 1369 oratio
1337 1361 1349 1379 ,

88 1380 130 1420 δι
147 1382 246 1422 male
264 1384 469 1423 coniun&a
483 1415 493 1431 ‚
514 1397 615 1437 quae
632 1384 792 1424 omnino
815 1383 868 1423 est
889 1384 1100 1422 dividenda.
1124 1382 1254 1424 Primo
1280 1398 1351 1436 pro

87 1435 208 1484 ὂντὸ,
227 1436 404 1490 scripfiffe
427 1438 638 1478 Lucianum
659 1437 830 1477 existimo
845 1437 972 1477 ὅντως.
992 1437 1093 1476 Dein
1115 1437 1198 1488 post
1224 1438 1353 1477 ἐπιθυ-

84 1488 178 1541 μίας
193 1493 371 1544 ponenda
383 1493 514 1531 τελεία
527 1492 674 1546 στιγμὴ
689 1522 700 1538 ,
719 1504 788 1531 nec
802 1491 908 1530 aliter
923 1491 1039 1530 video
1059 1490 1181 1530 feciffe
1196 1491 1352 1531 Floren-

87 1544 209 1592 tinos;
226 1545 338 1585 reRe.
355 1545 474 1599 Quae
496 1545 681 1599 sequitur,
702 1545 755 1584 est
777 1558 884 1585 nova
906 1545 1069 1584 historia.
1093 1545 1258 1584 Primum
1281 1547 1350 1584 ho-

87 1610 175 1637 rum
201 1599 412 1640 verborum
432 1601 646 1640 membrum
670 1599 834 1652 pertinet
856 1599 901 1638 ad
923 1598 1093 1652 superius
1117 1611 1328 1639 memorata
1342 1629 1356 1646 ,

87 1653 411 1704 quemadmodum
428 1655 604 1693 nimirum
620 1655 705 1706 quis
719 1654 821 1706 apud
832 1653 1064 1692 muliebriter
1083 1653 1185 1705 pium
1205 1653 1355 1694 accusa·

88 1716 171 1752 tus,
189 1707 276 1747 licet
297 1707 502 1755 falfflfime,
516 1708 740 1760 impietatis,
759 1707 899 1747 nullius
914 1707 1070 1754 veniae,
1092 1708 1211 1746 immo
1228 1720 1275 1747 ne
1292 1708 1356 1747 de-

86 1757 267 1800 fenfionis
287 1762 438 1815 quidem
464 1763 592 1803 locum
615 1762 790 1801 obtinere
815 1772 942 1814 queat.
967 1763 1099 1800 Revera
1115 1761 1199 1800 enim
1226 1762 1355 1813 (addit

88 1813 277 1854 Lucianus
297 1828 369 1868 pro
386 1816 515 1870 causa)
535 1817 615 1854 haec
628 1817 672 1867 est
685 1815 900 1870 efficactffima
921 1816 1108 1854 calumniae
1113 1815 1253 1869 species,
1269 1831 1355 1868 quae

86 1868 234 1907 alienum
258 1870 342 1922 quid
363 1871 408 1908 ab
431 1871 536 1909 animi
558 1869 725 1922 affiHione
752 1870 920 1908 audientis
943 1869 1120 1908 contineat.
1141 1870 1237 1920 Quin
1253 1871 1355 1908 etiam

88 1937 163 1962 cum
188 1926 284 1976 apud
299 1924 524 1964 Ptolemaeum
540 1923 602 1965 &c
627 1923 731 1963 IENs.
758 1923 882 1963 Facile
907 1923 1152 1975 probaverim
1176 1925 1356 1962 emenda-

86 1977 234 2015 tionem
249 1977 447 2017 doffiffimi
469 1977 591 2017 lensii.
608 1978 678 2017 Sed
703 1979 741 2015 in
756 1990 805 2017 eo
823 1977 932 2016 aliter
952 1977 1045 2015 mihi
1069 1977 1233 2024 videtur,
1250 1977 1357 2029 quod

88 2030 181 2071 illud
199 2030 315 2072 ὁπότε
326 2033 390 2072 καὶ
403 2034 509 2084 παρὰ
525 2031 754 2080 Πτολεμαίῳ
768 2046 801 2070 ιι.
816 2045 854 2069 τ.
873 2042 907 2070 ν..
924 2029 1081 2082 seiungit
1095 2043 1115 2068 a
1128 2031 1358 2082 praeceden-

87 2084 212 2134 tibus,
226 2085 267 2125 δι
284 2086 569 2139 interpretatur,
593 2086 687 2137 Quin
703 2086 805 2124 etiam
825 2100 898 2125 cum
912 2087 1006 2138 apud
1023 2086 1261 2124 Ptolemaeum.
1278 2085 1356 2123 Im-

89 2151 156 2178 mo
168 2168 180 2185 ‚
200 2140 304 2192 quod
318 2140 393 2193 ipsa
407 2141 518 2179 etiam
537 2140 694 2179 relativa
711 2139 895 2190 particula
909 2138 1024 2177 ὅπότε
1047 2139 1188 2178 indicat
1201 2169 1213 2185 ,
1227 2138 1358 2177 artisti-

89 2192 230 2232 meista
241 2206 421 2234 connexa
438 2193 536 2233 sunt.
552 2193 779 2246 Exemplum
794 2191 988 2232 subiicitur
1003 2192 1103 2231 illius
1118 2192 1359 2232 observatio-

89 2247 149 2286 nis
162 2276 173 2294 ,
189 2247 297 2300 quod
310 2249 456 2288 dixerat
473 2250 517 2288 τὶ
537 2246 756 2299 παράέοξον
775 2245 844 2286 τῆς
863 2247 1071 2299 ἀκροάσεως
1092 2259 1252 2285 movere
1267 2247 1359 2285 bea-

89 2300 195 2340 tulos
214 2301 321 2348 illos‚
344 2306 389 2342 ‘rb
409 2300 625 2341 ὑπεναντίον
641 2300 706 2341 τῆς
728 2301 943 2351 ἐπιθυμίας.
960 2300 1109 2352 Nempe
1121 2300 1226 2353 quod
1243 2301 1361 2339 vehe-

89 2365 237 2394 menter
251 2367 387 2409 optant
407 2356 580 2396 homines
594 2386 604 2400 ,
627 2354 716 2394 illud
737 2353 848 2394 facile
861 2354 1019 2395 credunt
1031 2385 1041 2402 ‚
1056 2367 1093 2392 v.
1117 2367 1151 2407 g.
1168 2355 1284 2393 amari
1302 2353 1359 2394 se:

91 2420 128 2446 at
147 2421 234 2448 cum
257 2408 368 2449 semel
384 2409 616 2450 adversantis
631 2410 717 2449 huic
739 2408 971 2461 persuasioni
989 2407 1230 2459 suspicionis,
1247 2421 1359 2460 para-

89 2462 217 2502 doxae
235 2463 365 2511 initio‚
387 2463 542 2504 scintilla
564 2465 600 2502 in
623 2464 794 2502 animum
822 2463 969 2510 incidit;
995 2461 1095 2501 ilicet
1112 2462 1243 2502 ardent
1268 2464 1360 2511 toti,

91 2528 113 2556 a
131 2517 326 2572 zelotypia
344 2518 381 2557 in
403 2517 574 2559 furorem
602 2529 730 2558 ruunt.
760 2517 820 2557 Sic
841 2516 1045 2608 Ptolemgei
1075 2515 1251 2567 ἐπιθυμίαι
1275 2517 1327 2555 est
1345 2546 1358 2562 ‚

1009 2596 1022 2609 2
1041 2584 1062 2610 c
1091 2584 1116 2618 4
