1835 3408
460 185 547 233 502
654 168 1523 217 ANNOTATIONES

453 271 541 297 narn
555 271 802 298 communem
817 259 986 305 haberet,
1002 260 1084 310 pede
1099 267 1227 296 autem
1239 286 1249 304 ‚
1267 257 1303 296 h.
1317 270 1351 296 e.
1363 268 1539 296 extremo
1553 255 1578 296 s.
1593 266 1716 309 angu-¹

454 311 496 351 lo
519 327 609 360 uno,
633 311 804 365 superius
819 313 862 350 ad
887 312 1031 351 malum
1048 311 1277 363 alligaretur.
1298 310 1436 351 Suadet
1456 311 1532 350 hoc
1551 324 1629 352 non
1645 312 1714 352 ista

457 366 576 405 modo
599 378 781 417 perpetua
801 378 889 404 cum
903 365 993 403 velo
1008 363 1188 412 societas,
1211 365 1330 416 (quin
1336 367 1503 415 summam
1511 377 1638 414 partem
1648 363 1715 402 veli

454 419 606 457 videtur
621 419 812 471 appellare
824 418 963 457 Seneca
979 418 1003 456 1.
1016 417 1070 469 c.)
1096 417 1156 456 sed
1172 417 1261 461 illud
1277 430 1454 469 quoque,
1477 418 1582 469 quod
1596 416 1716 455 lfido-

454 484 519 510 rus
534 484 655 522 etym.
675 486 737 525 19,
756 487 792 525 3,
808 487 911 510 unum
927 472 979 509 illi
989 474 1102 520 pedem
1119 470 1251 509 diserte
1270 471 1425 516 tribuit,
1439 470 1480 509 δι
1491 469 1716 510 Scholiasses

457 525 503 564 ad
528 525 674 564 Lucani
689 526 712 563 l.
732 538 764 564 c.
778 524 950 564 describit
965 525 1123 576 suppara
1135 554 1148 570 ‚
1169 524 1243 562 vela
1258 524 1387 564 minora
1400 524 1436 562 in
1452 525 1586 569 modum
1604 523 1712 569 delta<

454 578 575 617 literae.
594 579 695 620 Hinc
708 578 929 625 iudicabunt
943 578 1016 615 viri
1033 578 1224 623 maritimi,
1247 578 1282 615 in
1299 587 1486 629 quantum
1504 576 1714 616 conveniat

449 631 613 684 supparis
626 644 713 670 cum
733 631 915 684 Topzcilen.
941 631 1072 671 Unum
1095 631 1183 670 illud
1199 631 1317 676 addo,
1338 643 1387 668 ex
1409 631 1484 669 hoc
1507 629 1589 681 ipso
1610 628 1712 676 forte

454 686 547 724 loco
560 683 715 723 hausisse
727 683 976 732 Schefferum,
989 696 1034 724 ut-
1050 684 1226 735 Parafiam
1240 696 1313 735 pro
1328 680 1538 734 παρεισῆμῳ
1554 683 1714 731 diceret,

454 738 560 790 quod
578 738 768 789 acciperet
794 738 957 788 aliquam
981 736 1166 788 speciem,
1188 736 1214 775 fi
1238 738 1275 774 in
1281 737 1456 788 supparo,
1475 747 1518 775 ut
1537 736 1650 776 hodie
1673 736 1714 782 in

456 792 606 831 vexillis
624 790 650 831 s.
664 793 798 843 vlaggis
817 790 959 842 insigne
977 791 1169 841 quoddam
1182 819 1192 835 ‚
1209 790 1308 829 unde
1324 787 1426 830 nosci
1450 788 1570 839 poffet
1589 790 1714 838 navis,

456 845 646 886 intextum
672 844 869 895 pielumve
893 842 1002 883 fuisse
1029 843 1230 888 constaret.
1256 842 1381 882 GESN.
1413 843 1458 880 Tb
1482 843 1714 895 παράσειον)

456 898 627 939 Has-aeus
643 897 754 937 Thes.
768 897 907 937 Theol.
932 896 1022 936 Phil.
1038 898 1087 938 T.
1106 897 1142 937 11
1154 926 1165 941 ,
1186 912 1221 947 p.
1237 910 1334 948 719,
1350 896 1564 937 Graevium
1583 908 1712 949 repre-

455 952 607 1000 hendit‚¹
627 952 692 1002 qui
713 951 954 990 Florentinae
980 948 1183 1004 καρχήσιον
1202 949 1477 1001 amplectentum
1501 962 1592 989 cum
1615 951 1650 989 id
1665 949 1712 991 sit

454 1004 636 1056 gloss'ema
654 1017 797 1044 vocum
813 1002 881 1044 τοῦ
902 1004 1024 1043 ἱστίου
1047 1007 1251 1054 παρασιον,
1278 1016 1348 1042 nec
1370 1003 1478 1045 facile
1499 1003 1570 1043 dici
1590 1002 1714 1042 ἱστίου.

455 1055 678 1111 καρχήσιον,
701 1057 761 1099 sed
781 1057 905 1105 solum
922 1054 1142 1111 καρχήσιον,
1156 1069 1198 1096 ut
1213 1058 1372 1098 Lucian.
1393 1055 1471 1110 ipse
1485 1069 1578 1099 mox
1592 1057 1714 1104 dicat,

455 1111 496 1150 &
513 1110 696 1163 nusquam
713 1110 807 1150 sitin
821 1111 911 1150 navi
930 1109 1158 1162 καρχήσιον,
1174 1111 1243 1150 nist
1257 1111 1291 1150 ἑν
1308 1110 1360 1159 τῷ
1377 1109 1498 1158 ἱστίῳ.
1521 1110 1633 1150 Adeo
1662 1123 1712 1162 ue

454 1178 527 1217 pro
542 1165 704 1217 vulgato
717 1168 918 1215 ταρασιον,
932 1166 1045 1205 docet
1065 1165 1266 1217 legendum
1279 1167 1323 1204 το
1336 1162 1552 1215 παράσειον,
1567 1164 1644 1203 inte
1659 1164 1712 1204 le-

454 1218 520 1258 &o
540 1219 670 1269 μέρος,
691 1220 716 1257 i.
731 1231 764 1259 e.
778 1218 962 1270 veffiztilem
975 1220 1057 1258 mali
1071 1232 1222 1271 partem,
1246 1218 1443 1270 verbaque
1463 1217 1619 1256 Luciani
1635 1217 1709 1258 effe

453 1271 685 1324 periphrasin
700 1269 768 1311 τοῦ
779 1272 1008 1323 καρχησίου,
1024 1285 1064 1311 ut
1077 1271 1268 1312 Scholiast.
1285 1271 1382 1310 bene
1393 1272 1546 1322 ceperit.
1572 1270 1711 1323 Quare

454 1326 500 1371 de
512 1325 691 1377 scriptura
712 1325 860 1364 Hasaeo
881 1325 1073 1372 assentior,
1088 1327 1151 1378 qui
1168 1338 1250 1364 eam
1265 1338 1312 1364 ex
1327 1326 1481 1377 ingenio
1494 1324 1604 1371 vidit,
1621 1324 1713 1375 licet

453 1380 638 1432 deceptus
659 1378 772 1431 fuerit
793 1392 814 1418 a
835 1379 980 1419 Graev.
1005 1381 1115 1432 plane
1136 1379 1354 1425 aberrante,
1377 1379 1415 1422 in
1441 1378 1634 1430 prodenda
1648 1379 1709 1428 ΡΛ,

452 1431 652 1485 scriptura,
661 1445 760 1484 quae
771 1444 848 1471 non
860 1429 1078 1486 καρχῆσιον,
1089 1432 1150 1471 sed
1160 1446 1380 1484 παρασειον,
1393 1444 1515 1484 aeque
1527 1444 1571 1471 ac
1583 1431 1714 1472 Schol-

451 1486 619 1532 omnino
637 1487 774 1536 habet.
794 1486 900 1538 quod
922 1486 1056 1538 recepi.
1072 1486 1183 1525 Plura
1199 1487 1244 1525 de
1266 1486 1428 1527 navibus
1439 1485 1709 1534 Alexandrinis

451 1552 662 1592 earumque
682 1540 942 1592 magnitudine
961 1539 1001 1578 δι
1021 1539 1193 1590 partibus
1213 1540 1286 1589 vid.
1305 1539 1404 1591 apud
1414 1538 1608 1578 laudatum
1625 1540 1708 1579 Ha-

450 1591 579 1633 saeum
593 1593 616 1632 l.
631 1593 665 1633 d.
685 1592 831 1636 RnTz.
851 1593 1036 1633 Nondum
1054 1593 1223 1645 poenitet
1245 1591 1455 1638 sententiae
1472 1592 1517 1632 de
1528 1593 1710 1645 παρασίῳ,

450 1645 477 1686 s.
491 1647 687 1698 παρασείῳ
703 1646 854 1685 nostrae
866 1676 877 1692 ‚
892 1645 1089 1699 postquam
1105 1659 1173 1685 tuo
1191 1646 1330 1686 indicio
1341 1676 1353 1692 ,
1373 1647 1433 1686 vir
1447 1645 1708 1698 praestantiffi,

449 1712 536 1749 me,
559 1700 605 1738 de
619 1699 756 1740 Hasaei
773 1699 951 1740 sententia
971 1699 1128 1741 edo&us
1147 1699 1242 1741 sum.
1269 1698 1393 1741 Ἱστίεν
1415 1712 1493 1741 non
1506 1701 1615 1740 malus
1624 1699 1708 1749 est¹

448 1752 511 1795 sed
527 1755 648 1792 velum.
673 1753 900 1798 scholiastae
916 1752 1121 1800 auctoritas
1135 1766 1255 1806 paene
1274 1754 1387 1801 nulla.
1416 1753 1620 1804 Παράσειον
1640 1766 1706 1796 ne-.

448 1820 526 1858 que
536 1805 735 1846 auctorem
748 1807 860 1854 lnbet
870 1807 1000 1853 alium,
1013 1820 1138 1860 neque
1151 1807 1364 1859 analogiam
1381 1817 1541 1846 certam:
1556 1807 1597 1857 ᾇ
1607 1806 1635 1846 st
1649 1807 1706 1848 lu*

449 1861 513 1905 bet
527 1861 692 1906 omnino
704 1873 726 1898 a
738 1860 859 1901 verbo
875 1860 1068 1911 παρασείω
1083 1860 1274 1908 derivare3
1290 1860 1418 1914 quidni
1430 1861 1505 1900 huc
1515 1862 1626 1900 etiam
1644 1874 1705 1904 req

447 1913 629 1960 feramus,
650 1914 755 1967 quod
771 1927 793 1953 e
805 1914 950 1961 Seneca
964 1914 1196 1967 protulimus
1215 1915 1261 1954 de
1266 1914 1434 1967 supparo,
1451 1914 1564 1957 Nulla
1581 1930 1633 1954 res
1646 1930 1703 1957 aen

447 1983 510 2020 que
527 1967 673 2016 adiuvat
690 1967 842 2018 cursum,
863 1983 964 2020 quam
972 1968 1110 2019 summa
1124 1982 1210 2019 pars
1221 1970 1286 2007 veli
1293 1984 1310 2017 ,ᾗ
1327 1969 1419 2008 illinc
1435 1969 1578 2008 maxime
1597 1971 1699 2008 navis

447 2033 593 2075 urgetur.
624 2023 786 2073 Urgetur,
801 2033 1072 2073 promovetur,
1086 2022 1352 2072 παρασείεται.
1376 2021 1446 2066 Sed
1463 2022 1537 2061 hoc
1551 2022 1596 2061 de
1611 2032 1702 2073 ety-

446 2075 615 2126 mologia
628 2087 706 2114 non
720 2074 985 2128 praestiterim:
1010 2076 1133 2115 multo
1147 2076 1274 2114 minus
1293 2076 1384 2115 illud
1395 2105 1408 2121 ‚
1422 2076 1528 2127 quod
1542 2076 1580 2114 in
1595 2088 1702 2115 rnen-

444 2140 522 2167 tem
546 2128 741 2176 veniebat,
763 2142 809 2167 an
831 2128 931 2173 forte
951 2130 1163 2180 παρασιον,
1188 2130 1299 2168 unica
1320 2129 1450 2170 vocali
1473 2140 1638 2176 mutata,
1659 2129 1700 2170 &

444 2181 674 2234 transpositis
689 2182 801 2228 literis
812 2213 822 2225 ,
837 2181 950 2221 fuerit
962 2184 1149 2234 σιπαριον,
1172 2196 1238 2222 aut
1252 2183 1440 2233 συπαριον.
1464 2182 1546 2229 Res
1562 2182 1637 2234 ipsa
1652 2183 1700 2223 de

440 2234 593 2286 supparo
614 2235 737 2279 adhuc
752 2235 995 2278 vehementer
1014 2237 1105 2275 mihi
1124 2236 1326 2276 blanditur.
1340 2236 1465 2276 GESN.
1485 2237 1520 2275 in
1539 2237 1699 2275 Addend.

498 2291 572 2326 ead.
587 2289 610 2326 l.
623 2302 658 2336 7.
675 2288 879 2341 Στροφεῖα)
895 2280 1046 2329 Nolunt
1060 2290 1289 2342 grammatici
1307 2290 1403 2329 hanc
1416 2303 1555 2330 vocem
1570 2290 1615 2333 de
1629 2303 1701 2340 cy·.

444 2341 572 2380 lindris
585 2341 776 2392 usurpari,
800 2355 968 2394 quorum
984 2356 1060 2396 ope
1082 2356 1308 2383 ancorarum
1331 2343 1462 2388 funes,
1487 2342 1616 2395 &ipsa
1634 2344 1701 2385 deq

445 2408 551 2438 mum
573 2407 714 2434 ancora
735 2394 903 2444 tollitur3
925 2409 1000 2448 ego
1021 2408 1151 2437 tamen
1171 2411 1247 2451 qua
1266 2398 1413 2446 ratione
1428 2398 1473 2448 de
1487 2397 1559 2447 alia
1573 2410 1617 2448 re
1634 2396 1700 2448 hic

444 2447 658 2505 usurpetur,
678 2461 757 2490 non
769 2450 898 2500 video.
921 2450 1080 2492 Solum,

1807 2334 1810 2344 -
1808 2297 1812 2304 -
1803 2220 1813 2251 ..πε
1798 1633 1819 2204 „cass-ni-19kb—vvffl.a—.-w0.v.0>

1777 3284 1835 3408 ῥέξ’·
1809 3251 1822 3268 ³
1811 3207 1817 3234 ··
