1835 3408
479 172 577 228 460
675 170 1556 219 ANNOTATIONES

476 258 554 298 lac.
572 259 671 301 Elsn.
685 263 731 302 ad
745 262 893 315 Evang.
911 263 1003 302 Luc.
1022 262 1085 309 11,
1107 275 1174 313 19,
1197 263 1263 314 qui
1280 275 1350 302 nec
1365 262 1597 316 praesentem
1619 264 1758 306 ειυᾶοε·

478 315 530 353 ris
553 313 682 354 locum
702 317 883 358 indiaum
907 315 1169 368 praetermisit.
1193 317 1356 356 Mnus.

536 372 609 408 ead.
622 369 646 408 l.
665 370 700 409 6.
713 369 754 410 ‘O
767 372 876 424 ῧεὸς)
893 371 1055 410 Homer.
1080 370 1120 409 ll.
1142 374 1169 407 A
1183 400 1196 416 ,
1215 372 1281 423 63,
1297 394 1340 401 -
1357 371 1421 410 καὶ
1442 373 1520 425 γὰρ
1541 371 1578 409 τ’
1601 370 1686 424 ’ὄνοις
1711 371 1757 411 ἐκ·

482 422 574 461 Διὸς
596 423 709 462 ἐστιν.
737 425 782 464 Et
799 438 847 464 ex
869 424 936 464 illo
955 424 1050 464 Plin.
1069 423 1106 470 1,
1124 423 1238 477 Epist.
1259 424 1318 464 18.
1338 424 1469 477 Synefi
1491 425 1605 465 initio
1625 425 1687 465 lib.
1706 427 1753 465 de

478 474 692 516 Insomniis.
714 480 874 518 Minus.

538 533 612 570 ead.
636 532 659 569 l.
689 545 745 571 ιο.
773 531 905 586 Πᾶσα)
931 532 1078 584 Utique
1098 530 1280 583 scriptum
1303 531 1380 571 hoc
1402 532 1501 571 circa
1523 533 1579 572 Μ.
1602 532 1754 573 Aurelii

480 593 653 624 extrema
669 585 813 626 neceffe
827 586 892 626 est.
911 586 999 625 Vid.
1019 596 1100 624 not.
1121 586 1167 624 ad
1181 586 1303 637 Ἀλεξ.
1323 599 1358 625 c.
1378 587 1437 639 56.
1456 586 1616 626 SOLAN.

538 643 612 677 ead.
623 642 645 678 l.
664 653 719 687 14.
734 641 824 680 Ἀπὸ
838 640 904 680 τῆς
921 639 1085 694 τέχνης)
1098 640 1184 679 Scil.
1199 640 1369 679 literarum
1380 668 1391 686 ,
1412 651 1454 678 ut
1470 639 1570 679 recle
1583 639 1757 693 appinxit

480 690 576 731 Ant.
590 693 778 734 Aemilius
791 693 980 747 Aquensis
1000 695 1038 732 in
1052 705 1147 731 nott.
1163 693 1246 732 Mff.
1264 693 1303 732 δι
1316 706 1375 733 res
1387 693 1523 734 clamat
1538 693 1627 747 ipsa.
1648 694 1755 734 MAt.

539 748 632 797 Pag.
652 762 664 785 1
678 761 735 799 15.
750 750 772 786 l.
796 761 825 799 3.
840 750 895 788 Ἐν
912 746 1055 801 ι’νγιαιν.
1068 747 1118 796 ‘tii
1135 746 1282 801 ψυχῇ)
1300 748 1505 796 Iuven.X,
1524 749 1618 802 356:
1640 749 1756 788 Oran-

481 801 562 838 dum
577 803 641 849 est,
663 813 701 841 ut
709 805 759 853 fit
776 818 866 842 mens
878 803 972 853 sana
991 803 1026 840 in
1042 816 1177 854 corpore
1187 802 1290 853 fimo.
1311 801 1470 842 SOLAN.

537 856 610 893 ead.
629 855 657 895 l.
676 860 712 896 6.
729 855 863 909 Αὑτὸν)
878 857 937 896 Ita
957 856 1041 895 dedi
1062 869 1134 907 pro
1154 857 1313 908 vulgato
1332 852 1460 895 αὐτόν·
1483 856 1590 908 quod
1604 867 1647 896 ut
1668 855 1756 896 sae-

481 907 628 962 piffime
648 909 740 955 feci,
764 912 815 949 ita
839 924 885 950 ne
911 922 1110 949 monerem
1137 911 1315 963 quidem,
1337 909 1403 948 nisi
1426 910 1553 950 Maius
1575 910 1610 949 id
1633 910 1756 950 anim·

481 964 632 1002 adverti
655 963 829 1011 iuffiss'et,
850 965 915 1018 qui
939 966 984 1004 de
1007 961 1120 1003 αὐτὸν
1144 977 1215 1016 pro
1238 962 1368 1003 ἑαυτὸν
1389 963 1517 1003 suadet
1543 964 1754 1004 videndum

479 1016 652 1057 Eustath.
667 1019 714 1057 ad
732 1019 769 1057 ll.
786 1025 828 1068 E,
844 1033 877 1071 p.
897 1032 970 1070 522
986 1018 1043 1057 ed.
1059 1018 1228 1057 Roman.
1245 1019 1285 1057 &
1301 1017 1558 1058 Hemsterhus.
1579 1018 1625 1058 ad
1648 1017 1752 1059 Dial.

479 1071 637 1111 Luciani
663 1087 697 1123 p.
716 1087 781 1126 23,
797 1074 864 1113 ubi
886 1073 1029 1112 indicat
1043 1103 1053 1121 ‚
1075 1072 1164 1110 nihil
1181 1072 1259 1113 hoc
1275 1072 1447 1112 leviculo
1466 1085 1598 1113 errore
1619 1073 1658 1112 in
1677 1073 1756 1113 Lu-

482 1127 599 1166 ciano
613 1126 768 1179 aliisque
786 1127 1037 1180 frequentius.
1056 1126 1203 1165 REITz.
1358 1133 1361 1135 ’

536 1180 616 1222 ibid.
630 1180 912 1235 Ἐπιμίικιστον)
928 1182 1058 1220 Maius
1073 1181 1110 1219 in
1126 1179 1280 1220 Differt.
1295 1179 1405 1232 super
1421 1180 1494 1221 hoc
1513 1180 1613 1221 Dial.
1633 1181 1757 1234 dupli-

481 1234 518 1274 ci
541 1235 696 1274 nomine
716 1237 956 1288 reprehendit
985 1235 1217 1289 Stephanum
1232 1265 1245 1281 ‚
1271 1234 1377 1287 quod
1400 1235 1462 1274 ἐπὶ
1486 1232 1671 1290 fulgemus*
1694 1249 1755 1276 re·

482 1289 581 1328 &ius
606 1290 791 1328 discretim
817 1290 949 1338 scribi,
970 1290 1008 1329 &
1028 1290 1158 1341 χρόνον
1176 1289 1330 1341 intelligi
1348 1290 1538 1329 coniiciat.
1558 1289 1665 1343 Ego,
1686 1290 1755 1330 etfi

479 1340 665 1393 μήκιστον
685 1344 854 1384 adverbii
876 1345 962 1384 vice
983 1344 1114 1396 fungi,
1138 1344 1247 1382 Maio
1270 1344 1477 1383 concedam
1491 1373 1502 1390 ‚
1525 1344 1756 1384 immeritam

481 1409 611 1436 tamen
630 1397 789 1437 alteram
808 1398 1002 1439 censuram
1025 1398 1212 1437 existimo,
1226 1398 1323 1436 Nam
1348 1398 1436 1438 licet
1458 1399 1499 1438 δι
1513 1399 1585 1437 alia
1600 1398 1650 1438 slc
1665 1399 1753 1438 iun-

482 1452 543 1491 &a
561 1453 756 1498 invenias,
774 1464 817 1492 ut
839 1453 1078 1502 ἑπιὲεὑτερον
1100 1454 1141 1492 &
1154 1452 1309 1499 simili33
1328 1452 1459 1492 eadem
1473 1462 1600 1491 tamen
1617 1453 1655 1492 in
1669 1453 1755 1494 edd.

482 1504 744 1546 vetustiffimis
767 1507 950 1547 disiuncta
979 1507 1166 1558 reperias,
1186 1518 1229 1546 ut
1255 1507 1330 1544 iam
1357 1507 1584 1546 notavimus
1612 1507 1652 1545 in
1677 1516 1755 1546 vai-'-

481 1561 610 1598 riantt.
625 1560 725 1601 lecit.
747 1561 786 1600 δι
811 1563 848 1600 in
869 1560 1051 1609 ἐκποδὼν,
1070 1560 1177 1613 quod
1198 1561 1238 1600 &
1259 1560 1301 1598 ἐκ,
1323 1559 1450 1600 ποὸῶν
1469 1559 1656 1609 scribitur,
1673 1573 1756 1601 non

480 1612 597 1653 semel
613 1615 788 1655 vidimus.
809 1616 921 1656 Talia
936 1618 1232 1659 connectuntur,
1247 1613 1486 1666 separantur,
1498 1627 1570 1666 pro
1594 1615 1753 1656 arbitrio

483 1666 741 1717 describentis,
758 1671 796 1709 δι
812 1671 858 1710 de
873 1670 928 1710 his
938 1670 1082 1722 litigare
1095 1681 1174 1708 non
1188 1669 1344 1707 maioris
1355 1667 1407 1707 est
1422 1670 1625 1716 momenti,
1636 1682 1753 1721 quam

484 1721 514 1761 fi
530 1723 700 1775 ambigas
713 1754 724 1771 ,
744 1724 941 1778 priusquam
953 1754 962 1768 ,
979 1735 1156 1776 antequam
1167 1754 1178 1772 ,
1192 1725 1357 1775 quomodo
1368 1753 1380 1770 ‚
1398 1723 1438 1762 &
1453 1721 1629 1763 sexcenta
1644 1723 1752 1762 simil.

484 1776 650 1815 iunctim
666 1790 712 1816 an
736 1779 933 1829 separatim
948 1777 1019 1817 sint
1043 1780 1245 1817 exaranda.
1263 1776 1389 1829 Quod
1414 1790 1510 1817 vero
1528 1776 1656 1817 Maius
1678 1790 1753 1832 pro

484 1842 716 1883 argumento
731 1832 913 1881 affirmat,
931 1833 1044 1872 etiam
1063 1830 1401 1870 Amstelodamens.
1423 1831 1481 1870 ed.
1502 1828 1753 1882 ἑπιμίικιστον

482 1884 665 1937 iungere,
686 1886 720 1924 id
737 1887 827 1925 nihil
840 1888 1002 1926 omnino
1019 1885 1066 1924 ad
1083 1898 1161 1924 rem
1185 1885 1296 1930 facit,
1311 1898 1361 1924 ex
1376 1886 1444 1924 hac
1459 1885 1558 1924 enim
1573 1886 1752 1926 omnium

484 1939 722 1978 vitiofiffima
742 1942 782 1982 δι
798 1941 933 1980 noviffi
941 1954 1021 1987 ma,
1039 1941 1084 1979 de
1101 1951 1232 1979 vetere
1246 1939 1524 1992 orthographia
1538 1939 1629 1979 nihil
1651 1939 1756 1981 recle

485 1995 743 2033 concluditur.
770 1995 893 2035 Nobis
916 1995 1080 2047 placeret
1103 1995 1317 2046 analogiam
1344 1993 1468 2046 sequi,
1489 1994 1528 2033 δι
1550 1995 1605 2033 fl.
1623 1994 1756 2036 1εᾶἰο-

484 2060 574 2087 nem
596 2047 771 2096 servare‚
786 2049 852 2089 nisi
874 2050 946 2089 iam
965 2049 1054 2088 alibi
1074 2045 1324 2097 ἐπιμῆκιστον
1340 2049 1397 2087 edi
1414 2047 1504 2100 paffi
1521 2047 1645 2088 fimus.
1663 2049 1751 2103 Vid.

485 2102 636 2153 Gymn.
650 2116 683 2142 c.
705 2104 752 2142 26
769 2117 823 2157 pr.
838 2104 876 2143 δι
895 2105 995 2145 reete
1011 2113 1209 2141 notantem
1226 2101 1439 2142 Hemsterh.
1453 2102 1497 2141 ad
1511 2102 1612 2142 Dial.
1629 2103 1750 2143 Mort.

485 2157 544 2197 Vl
559 2187 571 2202 ,
595 2172 628 2207 5,
644 2171 725 2210 quo
753 2157 982 2197 vetustiores
1007 2156 1077 2196 sint
1095 2157 1358 2205 membranae,
1376 2170 1426 2196 eo
1450 2157 1568 2210 magis
1589 2158 1676 2199 talia
1696 2157 1753 2198 se·

485 2223 640 2263 parare;
664 2211 725 2250 sed
747 2213 837 2251 nihil
863 2211 1024 2258 referre,
1046 2212 1200 2251 utrovis
1225 2224 1335 2251 more
1356 2210 1502 2250 scribas.
1529 2211 1584 2250 Ita
1605 2211 1646 2251 δι
1667 2210 1750 2251 ὅτιο

484 2264 670 2314 μάλιστα
684 2267 722 2305 &
737 2267 795 2306 ὅτι
810 2267 993 2317 μάλιστα
1008 2264 1223 2319 promiscue
1243 2266 1460 2305 invenimus
1472 2295 1483 2311 ,
1507 2266 1681 2318 aliaque,
1704 2267 1751 2306 de

484 2320 625 2371 quibus
639 2321 675 2358 in
693 2320 926 2372 praefatione
941 2320 1065 2360 forsan
1089 2320 1340 2359 monebimus.
1355 2319 1494 2359 Rmz.

541 2376 616 2411 ead.
632 2375 654 2411 l.
678 2375 899 2427 12.“Ol.enpos
921 2375 1046 2428 λέγει)
1069 2374 1110 2413 Il.
1136 2377 1185 2421 Α,
1206 2387 1292 2426 250.
1308 2374 1465 2414 SOLAN.
1480 2372 1595 2412 Addit
1611 2372 1687 2413 Od.
1710 2379 1751 2422 Γ,

486 2428 741 2522 {415slllz‘13ius3
758 2431 797 2469 δι
823 2430 990 2470 Martial.
1004 2428 1120 2478 vlu,
1139 2427 1300 2477 6;Ge11.
1325 2427 1442 2477 XIX,
1455 2441 1501 2480 73
1514 2426 1633 2468 Ovid.
1653 2427 1750 2468 Met.

569 2513 578 2522 .
639 2493 741 2523 ΕΠΖ.
1541 2510 1543 2512 -
