1835 3408
494 147 589 202 464
697 139 1572 193 ANNOTATIONES

492 231 683 287 speciatim
699 234 744 273 ad
761 233 974 273 Αιιεοηέιιιιηι
993 231 1095 271 Pium
1110 230 1294 284 respiciat.
1310 232 1413 272 Nihil
1429 245 1556 275 tamen
1572 238 1768 288 prohibet,

494 291 587 342 quin
606 289 666 328 hic
687 286 914 340 periphrasin
931 285 1004 325 esse
1021 287 1191 325 dicamus
1205 288 1372 326 tralaticii
1389 288 1488 327 tituli
1504 320 1514 337 ‚
1531 291 1634 338 Pius,
1647 294 1769 343 Felix,

494 344 686 397 Augustus.
703 344 800 381 Nam
818 355 907 381 cum
922 341 1085 393 μεγάλη
1100 339 1206 393 τύχη
1221 342 1253 379 ei
1269 342 1462 389 tribuitur,
1478 345 1600 394 potest
1615 347 1770 399 quidem

493 398 623 437 locum
646 398 785 436 habere
805 398 864 435 illa
892 397 1019 433 itidem
1042 393 1180 433 usitata
1207 396 1326 442 ratio,
1347 408 1424 447 qua
1452 396 1665 439 Fortunam
1692 401 1771 441 lma

497 452 686 503 peratoris
710 464 782 503 pro
805 449 888 503 ipso
909 450 1145 501 Imperatore
1168 450 1262 499 poni
1285 449 1455 498 constat3
1478 451 1537 490 sed
1553 465 1679 506 neque
1691 449 1771 505 eff,

493 507 602 558 quod
630 506 829 556 impediat,
852 504 948 556 quin
965 503 1010 541 ad
1038 502 1137 540 illam
1162 501 1294 541 Felicis
1310 504 1602 556 appellationem
1631 507 1772 548 referas

495 571 569 598 tur.
583 561 802 605 Θειὸτοιτον,
819 559 864 597 de
883 560 977 595 vivo
993 567 1216 608 acceptum,
1235 556 1462 608 respondere
1477 560 1777 612 Augustomom

495 614 549 652 est
565 614 826 652 dubitandum.
850 612 998 661 Nempe
1021 623 1101 649 non
1127 610 1321 650 versamur
1345 611 1406 651 hic
1423 612 1459 650 in
1478 612 1683 655 Plutarcho
1707 617 1773 656 ali-

496 681 579 721 quo
595 680 658 705 aut
676 666 807 706 Dione
819 696 831 711 ,
847 667 910 716 qui
927 665 1192 704 Romanarum
1215 678 1341 704 rerum
1354 695 1365 711 ‚
1389 678 1485 717 quas
1504 679 1681 709 accurate
1697 682 1772 709 no-

497 733 610 767 runt,
635 721 787 759 servant
814 721 925 758 etiam
953 729 1055 758 certa
1080 718 1237 757 nomina
1256 734 1267 765 ·,
1288 718 1347 758 sed
1374 720 1410 758 in
1433 718 1628 772 sophista,
1652 733 1773 776 quem

498 776 588 814 alias
602 787 764 826 quoque
778 773 943 813 multum
960 772 1029 811 fibi
1045 772 1239 824 indulgere
1259 773 1298 811 in
1321 773 1376 813 his
1399 775 1605 824 novimus,
1620 779 1687 831 qui
1703 777 1772 830 ἑιρ-

495 829 642 880 μοστῑνν
671 830 770 867 dicat
795 827 1000 866 Praesident
1026 827 1273 877 provinciae,
1291 827 1359 879 qui
1378 829 1569 878 vovptnm'w
1589 832 1787 886 ueye‘mniv'

500 883 690 923 Kalendas
715 882 911 921 lanuarias
936 881 1010 920 διε.
1036 880 1184 926 verbo,
1202 882 1268 932 qui
1289 893 1366 920 non
1391 881 1554 923 Graecis
1576 896 1775 927 commen-

498 939 587 977 dare
602 937 778 976 Romana
791 969 800 983 ‚
817 936 876 975 sed
890 935 1076 975 Romanis
1089 934 1240 974 Graeca
1253 933 1410 975 studeat.
1425 935 1554 976 GESN.

553 993 644 1043 Pag.
664 1005 674 1028 ι
690 990 746 1030 18.
762 992 784 1028 l.
806 1005 818 1029 ι
829 989 1002 1041 .Ἵῑξεως)
1017 989 1197 1027 Habitudo
1209 990 1356 1040 corporis
1375 990 1434 1029 hic
1450 991 1605 1032 videtur
1621 993 1748 1034 notari
1757 1005 1775 1043 ,‘

496 1046 587 1086 dicit
601 1045 740 1084 Aemil.
754 1045 792 1083 in
809 1055 886 1083 not.
903 1043 986 1083 Mff
1005 1054 1075 1081 nec
1090 1055 1361 1094 repugnamus.
1373 1044 1536 1085 Mnus.
1765 1062 1769 1069 ·

553 1103 626 1139 ead.
648 1099 672 1138 l.
697 1115 728 1141 ς.
743 1098 786 1137 Ὁ
803 1096 1168 1148 εὐὲαιμσνέστοιτος)
1193 1097 1350 1136 Nullum
1375 1099 1474 1137 enim
1491 1099 1631 1139 bellum
1644 1101 1774 1154 geffin

498 1164 707 1194 contentus
726 1154 831 1192 domi
855 1166 916 1192 res
936 1151 1019 1192 suas
1041 1163 1178 1203 agere,
1201 1151 1243 1191 &
1269 1151 1373 1192 sacra
1397 1153 1435 1192 in
1460 1154 1636 1194 ordinem
1658 1168 1775 1210 coge-

498 1222 550 1249 re.
573 1210 735 1249 ΜΑιυε.
1357 1238 1360 1239 ⁷
1408 1234 1410 1238 ν
1473 1235 1476 1239 -
1617 1235 1619 1237 -
1689 1230 1710 1240 —›
1732 1233 1771 1240 κγ-

552 1266 626 1301 ead.
642 1264 665 1301 l.
680 1276 717 1311 7.
733 1256 1021 1315 ’Oysovlnovvoc)
1046 1257 1249 1299 consentit
1264 1258 1457 1301 Plutarch.
1467 1261 1506 1300 in
1528 1262 1608 1302 vita
1633 1264 1716 1304 eius
1733 1278 1775 1317 p.

499 1331 564 1370 74,
578 1317 679 1357 Tres
693 1318 732 1357 &
749 1315 1000 1369 quadraginta
1024 1325 1147 1352 annos
1171 1313 1359 1366 regnasse,
1386 1315 1472 1355 vult
1494 1316 1627 1357 Livius
1647 1319 1686 1365 1,
1710 1325 1776 1369 213

501 1385 547 1411 ac
568 1372 726 1422 Eutrop.
741 1370 772 1417 Ι,
788 1384 822 1409 2.
839 1369 1110 1422 Quadraginta
1126 1381 1224 1408 vero
1239 1368 1277 1407 &
1293 1381 1430 1416 unum,
1445 1369 1716 1414 PaulusDiac.
1732 1370 1775 1422 157

502 1439 588 1480 pag.
604 1439 673 1474 42,
697 1424 737 1462 &
757 1423 921 1464 Caffiod.
944 1424 980 1461 in
996 1423 1218 1468 Chronico,
1239 1436 1274 1474 p.
1294 1424 1588 1476 1322.-MA1U8.

553 1482 633 1518 zbid.
654 1479 802 1529 Σέρβιος
813 1477 858 1517 δὲ
871 1476 1078 1530 Τούλλιος)
1094 1475 1247 1528 Collige
1267 1489 1390 1516 annos
1410 1478 1584 1519 vitae=1ex
1608 1480 1774 1533 impetiit

502 1534 624 1574 Dion.
643 1533 768 1571 Halic.
784 1533 859 1578 IV,
875 1545 959 1584 pag.
975 1545 1050 1579 242
1064 1559 1074 1578 ‚
1098 1532 1350 1583 quadraginta
1369 1532 1480 1572 annis
1500 1534 1776 1575 circumscribit

501 1587 764 1640 magistratum
791 1587 885 1625 eius.
913 1585 999 1624 Liv.
1029 1585 1064 1632 1,
1089 1584 1165 1634 48,
1191 1586 1314 1625 adiicit
1340 1597 1512 1638 quatuor
1536 1600 1659 1628 annos
1683 1600 1778 1632 cum

501 1643 610 1682 Eutr.
630 1642 666 1690 1,
686 1642 710 1680 6
723 1672 734 1689 ,
754 1641 793 1680 δι
808 1640 913 1681 Sext.
934 1638 1042 1679 Rufo
1066 1639 1238 1678 Breviar.
1255 1651 1339 1692 pag.
1355 1654 1389 1694 3.
1408 1640 1466 1680 Ex
1482 1642 1628 1695 quibus
1645 1655 1778 1683 emen-

500 1698 610 1737 dandi
623 1695 761 1735 Paulus
776 1693 1059 1748 Aquilegiensts
1073 1693 1261 1733 diaconus
1276 1694 1316 1732 L.
1336 1693 1376 1740 Ι,
1397 1707 1432 1747 p.
1454 1709 1529 1745 44,
1546 1697 1587 1736 δι
1602 1696 1774 1738 Caffiod.

503 1753 528 1792 l.
542 1753 577 1791 d.
597 1762 723 1789 annos
742 1764 784 1802 33
808 1760 957 1788 tantum
975 1749 1199 1786 tribuentes.
1218 1747 1381 1788 MAIUS.

556 1807 631 1844 ead.
652 1804 678 1843 l.
707 1817 765 1843 11.
781 1800 1045 1855 'Evevt'mov‘tot)
1064 1801 1267 1842 Consentit
1294 1802 1416 1843 Dion.
1443 1803 1566 1845 Halic.
1583 1804 1666 1855 Vl,
1688 1817 1778 1859 pag.

507 1875 524 1914 3
536 1859 596 1911 58.
610 1859 774 1898 MAlus.
1379 1885 1382 1888 .

555 1917 629 1952 ead.
647 1914 671 1950 l.
691 1927 750 1961 14.
767 1913 835 1951 Καὶ
852 1913 908 1950 τὰ
922 1911 1026 1950 {vv-17.
1040 1908 1121 1964 ἐκ.)
1137 1910 1284 1950 Excidit
1299 1911 1360 1952 hic
1373 1924 1459 1963 pars
1474 1924 1614 1965 magna
1628 1912 1778 1953 senten*

501 1968 590 2007 tiae.
609 1968 665 2006 Fl.
689 1967 840 2018 quidem
866 1966 978 2005 habet
1003 1965 1165 2018 aliquid,
1187 1964 1326 2006 scilicet
1350 1966 1414 2005 καὶ
1429 1966 1518 2016 μετ’
1537 1963 1694 2015 αὐτοὺς,
1715 1967 1778 2008 sed

505 2022 677 2061 nondum
699 2020 751 2060 fic
771 2021 945 2073 expletur
964 2020 1114 2059 lacuna.
1128 2019 1286 2059 SOLAn.

562 2076 653 2129 Pag.
672 2090 684 2114 1
700 2090 756 2127 19.
780 2075 805 2113 l.
829 2089 861 2113 2.
875 2079 940 2113 Τὸν
956 2072 1115 2114 ἐνταῦθα,
1130 2074 1249 2126 ἀέρα)
1263 2074 1364 2114 Hinc
1380 2074 1560 2127 colligere
1571 2075 1680 2123 licet,
1691 2074 1781 2116 scri·

507 2142 618 2185 ptum
633 2131 708 2169 hoc
719 2130 883 2169 Romae.
898 2129 1054 2168 SOLAN.
1070 2128 1133 2168 De
1146 2128 1314 2168 Romani
1326 2128 1426 2168 coeli
1439 2129 1683 2182 qualitatibus
1695 2129 1779 2170 seris

508 2185 662 2238 pserunt
678 2185 730 2223 lo.
748 2182 912 2236 Baptista
929 2182 1071 2222 Donus
1082 2214 1094 2230 ‚
1112 2183 1306 2222 Marcilius
1318 2213 1328 2230 ‚
1343 2182 1547 2236 Cognatus
1559 2214 1571 2232 ‚
1587 2184 1701 2224 Alex.
1713 2183 1780 2224 Pe-

509 2240 675 2284 tronius,
687 2239 727 2278 δι
741 2238 868 2278 nostra
882 2239 1070 2276 memoria
1083 2237 1138 2277 lo.
1154 2237 1275 2277 Maria
1290 2237 1480 2277 Lancisius
1491 2239 1529 2277 in
1543 2239 1668 2291 ampla
1680 2237 1780 2280 Diss'.

509 2295 605 2333 edita
623 2294 739 2331 Rom.
753 2306 821 2341 17¹
835 2306 866 2333 t.
881 2305 957 2344 qua
972 2291 1226 2331 salubritatem
1247 2292 1346 2330 aeris
1363 2291 1466 2331 istius
1483 2291 1651 2333 adstruit.
1670 2293 1781 2333 ΜΑῙ.
1834 2307 1835 2311 ’

563 2351 636 2386 ead.
650 2349 672 2385 l.
688 2362 721 2398 3.
735 2347 902 2386 Τελείους
918 2369 962 2376 -
974 2342 1126 2399 εὐχὰς)
1143 2345 1380 2385 Curavimus
1391 2346 1529 2386 excudi
1549 2348 1711 2394 τελείας,
1727 2348 1779 2386 ait

510 2402 652 2441 Maius.
670 2401 752 2452 Ego
769 2402 952 2440 nondum.
964 2401 1051 2439 Vid.
1068 2399 1281 2454 ἁναγιαίου
1295 2398 1442 2452 τροφῆς,
1456 2401 1547 2440 item
1568 2400 1780 2456 γυναικεῖα

511 2455 656 2497 σύνοδοι
667 2486 681 2504 ,
702 2455 743 2495 &
757 2454 888 2495 similia
899 2485 911 2506 ,
931 2453 1083 2496 defensa
1098 2455 1236 2495 Amor.
1250 2467 1282 2495 c.
1298 2468 1360 2507 27.
1375 2454 1522 2496 RmTz.
