1783 3403
436 225 503 270 IN
536 223 1121 272 PSEUDOLOGISTAM.
1314 245 1401 289 441

211 318 288 356 ead.
309 315 333 354 l.
357 327 414 365 17.
434 315 725 369 Βρωμολόγους)
745 313 885 354 Forsan
908 313 1168 367 βρομολόγους.
1192 313 1333 366 Βρὸμος,
1345 318 1409 367 fi,-

159 367 264 415 nitus,
271 367 404 422 ftagor.
418 368 587 410 GUYET.
602 368 731 408 Tenui
748 368 843 408 hanc
858 369 896 406 in
912 367 1193 419 interpretando
1207 370 1410 418 rationem,

158 433 204 460 ut
216 434 316 474 quae
329 421 444 460 verba
458 421 535 461 sola
546 421 835 474 compofitionis
850 420 1047 460 insolentia
1061 433 1219 472 peccare
1234 422 1410 460 videren-

158 483 302 522 tui-,ea
317 474 518 522 similibus,
543 475 670 526 quoad
688 473 851 526 poffem,
874 474 1014 513 Latinis
1036 474 1253 522 redderem3
1277 475 1409 514 ultima

157 539 258 565 vero
270 556 284 573 ‚
296 539 397 580 quae
410 527 526 579 >plane
541 528 697 566 barbara
719 526 803 566 sunt
813 555 823 572 ‚
838 526 985 567 Graece
1004 526 1139 578 scripta
1161 539 1409 579 apponerem.

157 578 307 632 Nempe
325 593 396 633 pro
417 579 653 631 coevsovu'ssew
666 579 782 631 fimda
801 581 967 626 emittere,
989 579 1238 632 σφενὲικίζειν
1262 581 1406 619 dixerat

158 632 304 676 homo,
325 633 430 686 quafi
453 633 540 673 effet
563 646 704 672 nomen
722 632 876 684 σφὲνὲιξ
889 663 901 678 ,
919 634 958 672 &
980 632 1305 687 χειροβλιμᾶσθαι
1331 646 1408 673 νο·

156 684 230 724 luit
250 685 324 725 effe
342 702 444 726 manu
459 687 632 739 proiicere,
652 687 758 739 quod
784 685 967 726 formavit
990 698 1124 726 contra
1143 699 1297 725 omnem
1319 699 1410 725 ana-

155 737 298 790 logiam
324 752 374 779 ex
396 740 596 789 βέβλημσιι.
619 739 801 779 Ceterum
827 739 1016 785 observo,
1040 740 1248 779 verborum
1263 770 1274 787 ,
1306 752 1407 791 quae

157 790 219 831 hic
240 793 582 845 reprehenduntur,
598 793 745 832 nullum
759 793 856 846 apud
870 792 1061 832 Pollucem
1079 792 1152 832 effe
1163 822 1175 841 ,
1188 805 1299 844 quem
1314 794 1408 832 alias

156 841 322 896 sugillari
345 859 365 884 a
382 846 576 894 Luciano‚
601 845 694 886 falso
719 847 753 885 id
772 846 948 899 quidem,
971 846 1155 886 creditum
1178 846 1242 886 est.
1257 847 1346 886 Vid.
1361 847 1408 886 ad

157 896 432 949 Lexiphanem.
453 899 580 940 GEsN.

155 1002 196 1044 G
211 950 305 1002 Pag.
325 966 387 1005 79.
401 955 424 992 l.
442 966 474 992 1.
487 951 868 1006 Υροπομέισὲλητοις)
890 952 1087 1001 Meo-eam,
1102 953 1208 992 lorum
1221 982 1231 1000 ‚
1243 955 1408 1005 flagrum.

198 1013 324 1044 UYET.

210 1060 285 1096 ead.
298 1059 322 1097 I.
338 1072 371 1097 2..
385 1059 432 1101 Tb
453 1058 599 1098 Ἀθηνῶν
624 1058 785 1109 ἐπιθυμῶ
797 1058 815 1111 )
835 1057 1027 1099 Gloffema
1048 1058 1208 1098 videtur.
1237 1059 1407 1100 Gu-fm.

157 1108 299 1150 Omisit
317 1112 373 1151 Fl.
394 1112 435 1152 δι
460 1111 545 1152 sane
567 1112 761 1152 Scholium
793 1112 896 1165 sapit.
916 1112 1101 1165 Agnoscit
1120 1123 1245 1153 tamen
1269 1112 1407 1153 Codex

155 1162 214 1204 M.
231 1176 320 1204 cum
335 1166 444 1217 impr.
461 1166 653 1205 omnibus.
673 1165 830 1205 SOLAN.

209 1220 284 1257 ead.
298 1219 322 1256 l.
339 1232 372 1270 3.
387 1218 726 1271 Χειροβλημέίσῧαι)
743 1217 950 1268 Ψηλαφᾷἶν,
973 1219 1225 1271 χειροτρίβειν.
1240 1218 1409 1259 GUYET.

208 1269 344 1310 ibid.‘0
365 1271 492 1326 λόγιος
515 1271 666 1325 Ἑρμῆς)
692 1272 907 1312 Habuimus
934 1284 1012 1310 non
1036 1272 1158 1311 semel.
1190 1272 1262 1311 Sed
1289 1273 1407 1312 videri

150 1323 268 1364 etiam
283 1324 405 1378 potest
427 1325 454 1364 1.
475 1324 575 1365 Elsn.
598 1326 643 1364 ad
665 1324 754 1366 Aet.
777 1324 912 1378 Apost.
938 1324 1048 1373 XIV,
1067 1339 1124 1364 12.
1146 1325 1293 1364 Rmz.

210 1381 285 1417 ead.
308 1378 330 1418 L
358 1392 390 1430 ς.
407 1377 761 1430 Τῶνίαλέμων)ν.
788 1378 931 1418 Zenob.
954 1378 1027 1424 IV,
1043 1392 1115 1431 39,
1137 1379 1180 1419 &
1200 1378 1342 1417 Pamin.
1361 1378 1408 1418 ad

155 1429 336 1483 Apostol.
351 1431 457 1484 adag.
475 1432 512 1471 X
525 1461 536 1479 ‚
554 1444 611 1484 39.
629 1431 827 1471 Menandr.
842 1431 902 1472 Fr.
915 1444 998 1484 pag.
1011 1431 1062 1479 84
1073 1463 1084 1480 ,
1107 1431 1182 1471 ΝΟ.
1199 1446 1237 1485 3,
1251 1432 1303 1471 εἰς
1321 1431 1409 1471 τοὺς

156 1483 338 1534 ἰαλέμους
349 1484 393 1524 ἑὲ
406 1483 536 1524 τοῦτον
553 1484 736 1539 ἔγγραφε.
759 1485 916 1525 SOLAN.
929 1486 1112 1525 Ialemum
1127 1483 1301 1537 frigidum
1318 1484 1409 1524 fuis-

153 1537 193 1577 se
207 1540 360 1590 po'e'tam
373 1536 514 1584 sfacile
534 1540 720 1578 credimus
739 1539 938 1591 Hesychio
952 1568 963 1586 ,
984 1538 1149 1578 Eustath.
1172 1540 1217 1578 ad
1241 1538 1283 1577 Il.
1308 1543 1354 1583 Z,
1369 1552 1409 1591 p.

156 1604 260 1643 494,
287 1605 334 1643 43
363 1590 450 1643 Bas.
471 1603 586 1644 atque
617 1593 712 1632 adeo
738 1593 945 1644 proverbio
968 1592 1135 1643 Ἰοιλέμου
1156 1591 1407 1646 ψυχρότερος,

154 1645 262 1698 quod
276 1644 436 1685 refertur
449 1646 560 1685 etiam
579 1645 628 1685 ab
647 1645 852 1696 Apostolio
873 1647 910 1685 X
922 1676 934 1694 ,
954 1658 1013 1699 39.
1037 1646 1109 1686 Sed
1125 1645 1247 1685 Iustus
1265 1647 1378 1685 etiam
1394 1676 1407 1693 ,

155 1695 300 1750 θρήνου,
317 1698 482 1746 πένθους,
496 1700 693 1738 notionem
707 1699 758 1739 illi
777 1700 923 1739 nomini
942 1699 1152 1738 adiunaam
1179 1700 1307 1752 negari
1327 1711 1407 1738 non

155 1750 558 1846 ffiseffisslid'affif‘}
571 1751 1408 1859 22²gst'123293'ssgcpffss‘ssstssfiifisifss'i‘tss..⁶133ss

156 1857 242 1905 v1,
265 1873 326 1912 54.
349 1857 486 1911 Quare
509 1858 619 1899 facile
638 1859 821 1899 condono
844 1859 900 1899 10.
928 1859 1105 1906 clerico,
1127 1858 1193 1900 etfi
1213 1859 1313 1899 forte
1338 1872 1408 1898 ve-

157 1924 246 1951 rum
260 1925 339 1952 non
358 1913 478 1961 vidit,
494 1925 583 1952 cum
599 1913 644 1952 ad
661 1913 855 1952 Menandr.
877 1927 912 1966 p.
928 1912 975 1964 85
993 1913 1142 1965 putavit
1159 1913 1348 1962 Ἰαλέμους
1367 1913 1406 1956 in

153 1965 375 2018 fragmento
400 1965 552 2006 Comici
577 1965 649 2006 effe
662 1965 822 2019 frigidos,
849 1967 871 2005 i.
898 1980 932 2007 e.
954 1966 1161 2019 lugendos,
1189 1968 1279 2019 quia
1301 1979 1408 2006 mor·

153 2020 216 2058 tui
240 2020 431 2059 nimirum.
454 2019 582 2060 Gtsn.

209 2073 287 2112 ibid.
301 2073 504 2125 ’1οιλὲμων)
526 2073 832 2124 Κακοὸοιιμόνων,
851 2070 1060 2120 Συστῆνων,
1088 2071 1220 2112 ἀθλίων
1232 2103 1244 2121 ,
1265 2069 1407 2112 οὗὸενὶε

154 2124 284 2178 ἀξίων.
299 2125 467 2178 Hesych.
485 2126 656 2167 GuYET.
671 2127 716 2166 In
734 2126 896 2166 Parisxna
908 2127 1082 2176 ’ἰαλέμων
1096 2137 1178 2165 erat
1196 2125 1407 2166 maiusculo

156 2184 171 2218 1
193 2190 414 2227 exaratum,
436 2191 479 2220 ut
499 2193 641 2220 nomen
658 2182 880 2234 proprium,
900 2192 1014 2232 atque
1035 2181 1086 2219 ita
1108 2180 1223 2219 etiam
1242 2192 1407 2219 conver-

156 2231 262 2272 sum:
282 2235 409 2273 Ialemo
421 2233 667 2286 frigidioribus.
690 2233 887 2274 Allufione
907 2233 1003 2273 fasta
1017 2234 1063 2273 ad
1085 2233 1265 2285 proverb.
1281 2233 1406 2272 Ialemo

147 2285 324 2340 frigidior,
333 2287 404 2327 Sed
417 2301 504 2328 cum
525 2287 710 2328 transterit
732 2289 771 2327 in
787 2287 1016 2328 adiestivum
1028 2316 1042 2333 ,
1058 2285 1171 2326 servo
1193 2297 1407 2326 ceterarum

154 2339 239 2379 edd.
259 2353 404 2381 morem
417 2371 428 2390 ,
450 2341 518 2381 etfi
540 2342 587 2380 ab
603 2341 729 2380 Ialemo
751 2340 947 2393 Calliopes
964 2339 1067 2390 filio,
1088 2342 1205 2393 poeta
1225 2338 1405 2392 ineptiffi-

156 2405 250 2441 1110,
271 2405 400 2434 ortum
425 2394 574 2434 traxisse
593 2397 755 2434 videtur.
774 2395 917 2434 Rmrz.

182 2449 280 2543 gea}
294 2449 318 2487 l.
337 2461 376 2497 7.
394 2448 635 2498 Φιλαινίὸος)
660 2447 728 2491 Τῆς
746 2447 907 2501 ἑταίροις.
927 2448 1096 2493 GUYET.
1113 2448 1165 2488 V.
1175 2447 1298 2501 Ἐρωτ.
1314 2459 1402 2504 cap.

156 2512 179 2542 2
209 2528 218 2540 -
269 2510 399 2542 OLAN.
