1783 3403
265 215 338 260 IN
373 215 459 261 DE
493 216 718 261 MORTE
753 213 1107 264 PEREGRINI.
1230 232 1311 282 571

61 299 251 346 Lucianus
264 302 364 341 alibi.
389 301 475 354 (Ἤρ.
490 316 522 343 c.
543 303 596 355 1.)
617 303 800 344 Ceterum
824 303 1075 352 ὁσιισδόδομος
1099 306 1138 345 &
1161 305 1318 355 προναός

60 365 325 407 opponuntur.
348 355 548 396 Diodorus
569 357 682 396 XIV:
705 353 743 396 οὖ
766 357 872 407 μόνον
894 359 972 409 γὰρ
993 358 1028 396 ἐν
1051 358 1128 398 τοῖς
1149 358 1318 410 crpomofc

60 408 127 446 καὶ
154 407 235 452 τοῖς
259 408 523 459 ὀπισθοδόμοις
547 409 620 450 τῶν
645 409 742 461 ἱερῶν
766 412 839 450 διε.
873 411 1074 463 Legendus
1101 424 1225 450 autem
1249 413 1317 451 tibi

61 461 222 500 omnino
236 461 422 501 Lucianus
438 464 476 501 in
501 463 709 514 Fugitivis,
737 469 844 517 (cap.
858 466 910 514 7)
935 465 1000 504 ubi
1016 464 1203 508 historiam
1221 466 1318 504 hanc

59 513 258 565 ἐκκορυφοῖ.
285 514 338 554 Ibi
362 517 407 555 de
426 515 586 568 Cynicis
606 517 762 556 dicitur:
789 519 853 556 noel
873 516 954 563 βοιῖς
976 521 1038 557 τὸν
1060 518 1316 567 ὀπισθόδομον

59 566 309 616 ἐμπλήσωσιν
322 567 583 610 ὑλωκτοῦντες.
603 570 756 611 FABER.
775 571 848 612 Le.
871 571 1059 624 posterior
1079 584 1164 625 pars
1187 572 1317 625 templi

60 618 171 660 Iovis
181 619 394 673 Olympici.
416 621 586 663 GUYET.

63 684 67 703 ἒ
111 676 187 715 ead.
204 674 230 713 l.
244 687 280 723 7.
303 675 472 715 Kocrlzmv
490 675 558 715 τοῦ
574 675 646 716 τῶν
660 677 816 728 κηρύκων
831 677 991 732 ἀγῶνος)
1014 677 1097 731 Qui
1117 677 1188 717 sint
1211 675 1315 729 κηρυ-

58 741 123 766 κες
136 728 173 766 δι
195 726 455 777 Εὐμολπίὲοιι,
472 741 619 769 norunt
630 743 787 778 omnes.
804 744 949 782 praeter
963 732 1065 771 illum
1077 762 1088 780 ‚
1105 733 1168 783 qui
1185 732 1317 771 Lucia-

57 781 98 822 ni
119 780 419 821 Pseudomantim
437 782 536 836 (cap.
556 783 623 837 39)
639 785 845 823 convertit.
868 785 970 830 Cum
987 786 1086 824 enim
1104 786 1317 837 simpliciter

58 834 381 886 interpretandum
394 835 497 881 estet,
516 839 656 890 Ceryces
667 838 702 875 6·
718 839 950 889 Eumolpidae,
972 838 1316 890 (quemadmodum

57 887 188 940 paflim
199 918 211 935 ,
235 890 437 942 praecipue
452 901 578 930 autem
594 891 692 942 apud
704 891 843 930 Aemil.
855 891 1022 931 Probum
1044 894 1081 931 in
1098 893 1312 946 Alcibiade)

57 941 180 981 homo
195 954 304 982 meus
320 957 502 994 praecones
515 946 548 981 6³
561 945 705 998 egregios
723 957 874 984 cantores
893 945 966 985 effe
983 946 1123 984 maluit.
1149 947 1235 986 Hoc
1251 960 1316 986 au-

56 1005 135 1034 tem
150 995 241 1035 Ioco
264 995 314 1034 nil
338 998 448 1037 nobis
472 1011 561 1037 cum
588 997 771 1037 eiusmodi
794 998 949 1051 κήρυξιν.
975 999 1064 1038 Νοη
1089 999 1162 1038 effe
1186 1012 1313 1038 autem

58 1048 162 1088 hunc
176 1049 306 1089 Iocum
320 1051 365 1091 de
379 1052 422 1090 iis
443 1051 746 1104 intelligendum,
759 1053 827 1103 qui
846 1053 880 1091 ἑν
898 1053 1046 1091 κύκλοις
1061 1054 1315 1103 κηρύττουσιν,

57 1101 185 1142 Iudam
198 1131 212 1149 ,
228 1104 382 1156 opinor,
399 1117 558 1157 operam
569 1134 580 1151 ,
601 1105 627 1144 si
640 1105 813 1158 probem.
836 1105 918 1146 Nec
928 1106 1039 1144 etiam
1056 1107 1101 1145 de
1115 1107 1317 1158 praeconi-

57 1154 132 1196 bus
151 1156 334 1203 ludorum
357 1158 483 1210 placet
506 1159 634 1211 accipi.
664 1159 813 1198 Deinde
834 1160 921 1210 quid
943 1159 986 1198 sit
1011 1172 1095 1200 retro
1113 1175 1316 1212 praeconum

56 1222 219 1254 certamen
233 1212 255 1249 ?
279 1212 428 1250 Verum
451 1213 603 1265 quidem
618 1211 671 1251 est
681 1242 690 1257 ,
714 1213 820 1266 ἁγὼν
834 1212 1044 1265 significare
1061 1226 1138 1252 non
1152 1227 1315 1253 certamen

56 1274 222 1310 tantum,
238 1263 298 1303 sed
313 1266 352 1304 δι
371 1266 478 1305 locum
490 1267 694 1312 certaminis,
708 1267 808 1317 apud
824 1267 1055 1313 Homerum,
1069 1279 1224 1306 notante
1239 1268 1316 1307 Eu·

55 1315 216 1361 ssathio:
237 1319 561 1370 quemadmodum
583 1316 672 1359 οἶνος
690 1319 840 1365 vinum,
857 1320 897 1358 &
913 1321 1058 1366 locum,
1073 1321 1112 1358 in
1130 1334 1209 1372 quo
1225 1333 1315 1359 ven-

55 1371 181 1420 ditur;
201 1369 328 1411 ἔλοιιον
342 1372 470 1412 oleum
481 1403 494 1419 ,
515 1374 555 1412 δι
569 1373 698 1413 locum
712 1403 724 1419 ,
747 1373 783 1411 in
797 1386 880 1424 quo
896 1374 1150 1420 venundatur,
1167 1388 1214 1413 ex
1228 1375 1315 1413 Pol-

55 1423 169 1474 luce,
187 1425 349 1479 διχορὶς
365 1427 464 1479 apud
488 1427 705 1466 Homerum
729 1427 764 1464 in
786 1426 860 1466 Ocl.
877 1432 909 1465 Θ
922 1457 934 1472 ,
958 1440 1029 1480 pro
1053 1427 1140 1466 loco
1159 1425 1222 1467 τῆς
1235 1443 1314 1481 χο-

55 1478 155 1531 ρείαις
169 1508 180 1524 ,
204 1479 254 1518 ita
272 1478 425 1534 sei-ysaac
437 1481 624 1532 duplicem
641 1480 957 1533 significationem
979 1481 1140 1519 habebat
1154 1491 1315 1521 notante

56 1531 186 1572 Schol.
203 1533 239 1571 in
262 1545 360 1572 orat.
384 1546 519 1573 contra
535 1534 756 1586 Polyclem:
781 1533 840 1572 sed
859 1535 951 1586 quid
974 1533 1038 1573 fiet
1058 1534 1111 1584 τῷ
1133 1533 1314 1584 nuptiarum

56 1585 157 1626 Sane
171 1587 280 1626 locus
294 1587 356 1627 hic
371 1600 392 1628 a
406 1588 526 1628 dotus
541 1588 749 1627 examinari
766 1588 968 1636 debuerat,
983 1589 1087 1639 quod
1102 1589 1195 1640 quia
1215 1601 1314 1627 non-

55 1640 147 1680 dum
160 1639 307 1689 fecere,
324 1641 444 1680 dicam
459 1672 468 1683 ‚
492 1643 595 1694 quod
616 1642 701 1680 mihi
723 1642 884 1680 videtur.
909 1641 1126 1694 Legendum
1145 1642 1202 1686 hic
1218 1653 1314 1692 puto

55 1706 138 1734 non
153 1692 320 1738 κατόπιν
334 1693 402 1735 ’τοῦ
415 1695 483 1734 τῶν
500 1695 656 1747 κηρύκων
669 1695 826 1748 ἀγῶνος,
846 1694 905 1734 sed
930 1696 1093 1734 κατόπιν
1104 1693 1171 1734 τῆς
1184 1700 1314 1746 Κερκυ-

53 1745 180 1799 palaris
194 1747 345 1802 ἀγυιᾶς.
362 1750 463 1788 Audi
477 1779 486 1790 ,
506 1749 669 1800 quaeso,
686 1747 903 1788 Pausaniam
918 1749 954 1786 in
974 1749 1126 1788 Eli-acis:
1151 1747 1201 1796 τῇ
1215 1748 1313 1798 στοᾷ

56 1800 127 1848 δὲ,
153 1799 234 1840 ἔνθα
259 1801 291 1840 οἱ
315 1799 577 1842 ‘Humanam
604 1802 903 1853 δίημερεὺουσιν,
933 1802 1035 1841 ἐστὶν
1061 1802 1184 1855 ἐγγὺς
1208 1801 1311 1842 ἄλλη

51 1856 172 1902 -στοόι,
193 1856 239 1894 τὶ
253 1856 406 1906 μεταξὺ
428 1852 566 1903 αὐτῶν,
591 1856 718 1908 ἀγυιὰ
729 1859 814 1905 μία·
833 1854 972 1896 ταύτην
993 1857 1206 1907 ὀνομάζουσι
1226 1860 1311 1907 Κερ-

57 1908 229 1960 κυραϊκῆν
241 1907 272 1955 οἱ
293 1909 436 1948 Ἠλεῖοι.
457 1910 583 1949 Nemo
596 1923 673 1948 non
687 1910 809 1957 videt,
831 1922 944 1961 quam
961 1910 1061 1949 reete
1076 1910 1164 1948 huic
1179 1909 1313 1948 Lucia-

56 1962 96 2001 ni
110 1962 203 2003 loco
214 1963 468 2012 conveniant,
483 1976 581 2016 quae
600 1976 620 2001 a
635 1962 815 2002 Pausania
831 1964 1019 2003 dicuntur.
1038 1964 1081 2002 In
1098 1962 1311 2003 huiusmodi

51 2027 188 2056 autem
208 2016 385 2056 locor-um
409 2017 725 2069 appellationibus
740 2048 751 2065 ,
775 2017 951 2056 vicorum
967 2047 980 2063 ,
1003 2017 1210 2069 platearum
1232 2017 1310 2056 &c.

54 2083 172 2123 quam
204 2069 314 2123 saepe
339 2083 498 2122 peccent
521 2071 769 2122 exscriptores
799 2071 982 2110 librorum
999 2102 1011 2119 ,
1049 2070 1159 2109 nimis
1192 2070 1310 2114 multa

55 2125 230 2177 exempla
255 2124 433 2177 probant.
461 2125 571 2164 Haec
593 2125 722 2164 nostra
743 2124 796 2163 est
824 2125 870 2163 de
895 2125 971 2163 hoc
993 2124 1082 2163 loco
1106 2124 1309 2169 sententia,

48 2179 180 2218 'donec
193 2177 332 2231 aliquis
346 2179 502 2218 meliora
516 2179 730 2231 protulerit.
747 2178 904 2217 FABER.
931 2179 1046 2217 Hunc
1062 2177 1193 2217 locum
1209 2176 1310 2217 solli·

54 2232 189 2285 citavit
209 2231 268 2270 vir
286 2231 439 2276 doRus,
465 2233 505 2271 δι
527 2233 722 2272 contendit
747 2232 946 2284 legendum
967 2231 1041 2271 effe
1060 2231 1219 2270 κατόπιν
1242 2229 1310 2274 τῆς

55 2283 296 2338 Κερκυραϊκιῖς
310 2286 470 2339 ἀγυιᾶς.
492 2285 687 2338 ignoscat,
707 2285 733 2324 si
750 2298 828 2325 non
851 2284 999 2337 poffum
1022 2285 1202 2324 accedere
1221 2283 1310 2323 suae

53 2339 281 2380 sententiae:
308 2339 417 2379 locus
431 2340 534 2378 enim
558 2340 715 2379 Luciani
735 2338 845 2378 sanus
862 2338 914 2378 est
928 2369 938 2377 .
961 2351 1031 2378 nec
1050 2339 1239 2376 minimam
1254 2351 1312 2377 re-

53 2393 149 2446 cipit
160 2393 285 2432 mendi
299 2392 561 2446 suspicionem.
583 2393 747 2446 Κηρύκων
764 2392 987 2446 deycbvlocus
1000 2402 1101 2438 erat,
1117 2392 1180 2431 ubi
1200 2405 1309 2443 prae-

53 2459 171 2487 cones
186 2447 231 2486 de
246 2447 337 2486 artis
349 2447 570 2486 excellentia
582 2447 622 2486 &
638 2448 744 2486 vocis
755 2447 1002 2485 contentione
1015 2446 1220 2485 certabant.
1237 2445 1310 2484 Te-

51 2499 113 2548 stis
134 2499 332 2542 Diodorus
356 2501 418 2542 lib.
439 2500 599 2548 XVIII,
624 2501 691 2543 ubi
716 2501 762 2542 de
788 2499 943 2555 epistola
969 2500 1066 2554 regis
1082 2499 1311 2545 Alexandri,
