1783 3403
0 2463 2 2520 t

302 201 372 246 IN
406 201 492 246 DE
529 200 762 246 MORTE
798 200 1154 247 PEREGRINI.
1277 202 1362 265 581

98 282 266 330 ducitur,
287 284 325 324 id
346 279 474 324 ta'men
496 297 576 324 non
601 285 763 338 amplius
781 286 843 326 hic
869 286 1016 339 agitur3
1040 285 1099 325 sed
1129 286 1367 329 manifestum

99 337 176 384 est,
201 337 314 378 risum
331 338 404 377 effe
420 339 596 378 hominis.
620 339 713 378 Non
734 340 884 379 videtur
907 340 1127 379 intellexisse
1146 340 1275 383 Solan.
1296 345 1369 395 qui·

98 390 305 437 adiecerat,
326 391 430 430 Flor.
444 391 529 430 le&
547 393 686 431 malam
701 391 797 441 effe,
819 394 860 433 δι
880 393 1006 433 Fabro
1021 393 1134 434 semel
1157 394 1368 436 obsecutus

97 443 226 483 forsan
246 445 470 484 obnubilata
487 457 614 484 mente
630 447 802 486 invenire
816 460 893 486 non
906 448 1043 498 potuit,
1055 446 1121 500 qui
1135 450 1189 486 τὰ.
1209 452 1274 488 τὴν
1286 450 1368 501 τρό.

99 513 170 537 πον
183 498 443 538 cohaererent.
464 498 534 538 Sed
550 512 627 538 non
646 512 745 552 opus
760 499 826 539 ista
839 500 1067 540 conne&ere
1079 531 1091 546 ‚
1111 513 1200 540 cum
1218 505 1270 540 τὲι
1293 502 1366 544 τῶν

98 551 263 591 ἀνοήτων
278 551 352 591 scil.
372 551 561 603 ἀνθρώπων
577 555 823 605 πράγματα,
842 554 904 592 καὶ
925 554 1112 599 βλακικῶν
1138 554 1284 608 (κατὰ)
1302 559 1369 596 τὸν

98 606 259 656 τρόπον,
280 606 428 659 optime
444 606 664 657 procedant.
689 606 835 645 Rmz.
857 607 977 659 Igitur
1000 608 1230 662 καταγελᾷν
1252 610 1363 650 etiam

97 657 318 698 accusativo
336 658 535 711 iungitur?
559 659 686 700 GESN.
703 661 738 698 in
756 661 914 700 Addend.
936 660 1111 714 Iungitur
1134 661 1365 703 accusativo

97 713 200 764 apud
221 712 351 760 LXX,
380 712 469 763 Syr.
486 712 583 758 Vll,
606 727 649 753 12
663 744 674 761 ,
696 713 749 764 μὴ
771 716 981 766 καταγέλα
1004 715 1184 766 ἄνθρωπον
1209 716 1300 756 ’ὄντα
1327 718 1362 758 ἐν

97 766 245 818 πικρίᾳ.
273 765 336 806 Sic
360 765 481 805 multa
503 765 634 805 similia
656 779 676 805 a
701 769 805 806 κατὰ
826 768 1037 819 composita
1063 769 1103 808 &
1127 771 1300 821 genitivo
1321 768 1368 812 δέ

93 818 317 859 accusativo
331 820 563 871 iunguntur,
596 833 637 859 ut
652 820 834 860 observat
857 822 968 861 etiam
984 821 1167 863 Abresch.
1186 825 1224 862 in
1247 824 1363 864 anim.

94 872 142 912 ad
155 872 340 924 Aeschyl.
367 872 438 912 Sed
455 875 543 925 quia
566 874 724 913 Lucian.
739 874 829 914 alias
848 887 1039 928 perpetuo
1062 877 1186 916 utitur
1201 877 1362 930 gignen-

94 927 131 966 di
153 926 266 973 casu,
291 937 334 966 ut
356 927 500 977 patebit
518 940 565 967 ex
592 928 718 967 Indice
743 930 905 976 maiore,
930 930 1003 968 iam
1026 929 1118 968 nihil
1148 943 1278 978 mut0;
1299 931 1363 971 sed

95 981 250 1020 veniam
278 993 374 1026 oro,
402 981 508 1033 quod
528 980 656 1020 Solani
677 994 843 1021 mentem
867 981 1045 1022 festinans
1071 996 1150 1022 non
1172 985 1358 1033 viderim,

93 1033 251 1074 &redte
273 1033 497 1074 sentientem
526 1034 745 1087 castigarim.
766 1036 909 1075 Rmrz.
928 1037 1009 1075 ibid.

149 1091 224 1127 ead.
251 1089 275 1126 l.
292 1102 328 1141 9.
345 1088 454 1127 Τίνας
473 1087 518 1127 δὲ
535 1089 690 1139 κορώνας
714 1084 794 1142 οὐκ)
815 1091 887 1129 Ae.
904 1090 1106 1142 Menagius
1123 1090 1161 1129 in
1184 1092 1359 1131 animad-

93 1140 337 1182 versionibus
359 1143 404 1180 ad
428 1141 597 1193 Diogen.
623 1143 815 1182 Laertium
840 1144 902 1196 (p.
924 1143 1025 1196 148)
1048 1145 1176 1183 multis
1204 1145 1359 1197 scripto·

93 1208 181 1239 rum
203 1195 424 1237 testimoniis
442 1195 649 1236 confirmat
676 1196 876 1248 legendum
895 1197 968 1237 effe
993 1197 1101 1237 τίνεις
1121 1198 1359 1250 χελιδόνας,

93 1261 197 1301 quae
218 1249 407 1289 veriffima
420 1249 636 1289 &maxime
656 1263 872 1302 congruens
889 1251 1002 1290 leffio
1021 1251 1086 1291 est.
1113 1255 1227 1291 ALM.
1255 1253 1358 1293 Nihil

94 1304 322 1342 mutandum
346 1302 442 1350 effe,
460 1315 593 1342 monet
614 1304 791 1343 Kuhnius
817 1305 861 1343 ad
885 1303 1041 1344 Pausan.
1066 1319 1101 1357 p.
1122 1304 1214 1354 787,
1240 1320 1356 1358 quem

93 1357 195 1396 vide.
214 1357 372 1398 SOLAN.
389 1356 428 1396 Si
451 1357 653 1409 Menagius
667 1357 712 1396 ad
731 1358 921 1406 Laert.'6‚
940 1357 1014 1407 78,
1032 1371 1079 1397 ex
1101 1359 1200 1397 libro
1213 1390 1224 1406 ,
1250 1362 1357 1411 quod

94 1423 175 1450 non
196 1410 332 1451 indicat
346 1422 486 1457 tamen,
502 1411 660 1463 protulit
676 1411 900 1465 χελιὲὅνας,
922 1411 1131 1450 audiendus
1155 1411 1254 1452 forte
1274 1413 1358 1452 fue-

93 1465 155 1503 rit.
181 1464 366 1505 Ceterum
382 1477 462 1504 non
476 1465 584 1510 dicit,
607 1465 691 1517 quis
710 1477 905 1515 praeterea
929 1465 1147 1505 hirundines
1169 1466 1214 1504 ad
1238 1466 1358 1518 sepul-

93 1530 203 1558 crum
218 1518 377 1558 Hesiodi
396 1519 662 1571 congregarit:
689 1531 733 1558 ac
750 1519 901 1559 videtur
923 1529 1048 1558 totum
1073 1519 1148 1558 hoc
1167 1517 1282 1567 ἅπαξ
1297 1531 1358 1559 λε-

62 1591 64 1593 ·
93 1572 258 1626 γὸμενον.
277 1572 411 1625 Itaque
424 1583 667 1612 temerarium
682 1572 797 1612 fuerit
811 1586 959 1613 mutare
971 1573 1111 1626 aliquid
1121 1601 1131 1617 ,
1144 1573 1258 1626 idque
1272 1585 1356 1612 tan-

92 1637 138 1666 to
155 1626 272 1680 magis
287 1656 301 1673 ,
324 1639 412 1667 cum
429 1626 573 1678 κορώνη,
597 1626 802 1678 Apollinea
819 1627 901 1666 avis
913 1657 923 1674 ‚
945 1627 1170 1679 prophetam
1194 1628 1356 1678 proinde

93 1679 253 1728 decens,
270 1680 539 1734 longaevitatis
559 1693 677 1732 porro
693 1681 734 1721 &
749 1680 870 1720 famae
885 1681 1057 1733 loquacis
1069 1680 1287 1732 symbolum
1302 1681 1355 1722 es-

93 1732 132 1773 se
153 1733 275 1787 poffit.
304 1734 414 1787 Quid
439 1733 466 1773 fi
488 1735 600 1774 etiam
619 1733 706 1773 lufit
729 1735 788 1774 hic
809 1735 1022 1781 Lucianus‚
1049 1735 1088 1774 δι
1108 1746 1265 1786 rapaces
1280 1748 1355 1774 vo-

93 1787 220 1828 lucres
243 1789 372 1828 voluit
395 1788 542 1840 Cynici
563 1787 737 1841 sepulcro
759 1788 920 1828 addere?
946 1788 1034 1841 quid
1055 1787 1082 1826 st
1105 1789 1149 1827 ad
1171 1790 1354 1839 νυκτοφύ-

93 1852 200 1881 λοωωι
219 1842 375 1882 retulit?
396 1841 548 1882 nonnis
562 1855 663 1882 certe
688 1842 839 1882 nofiiem
860 1842 1102 1881 turbantibus
1123 1843 1163 1882 δι
1179 1844 1354 1882 terrenti-

95 1896 182 1942 bus,
199 1895 354 1936 infestae
365 1897 548 1936 cornices.
570 1895 774 1948 Quidquid
798 1898 878 1935 eius
892 1895 958 1945 sit,
977 1896 1067 1935 nihil
1083 1895 1257 1947 profeeto
1279 1909 1352 1936 nos

94 1951 223 2003 cogit,
252 1962 295 1990 ut
314 1951 503 1998 dicamus,
526 1950 680 1989 Hesiodi
702 1949 875 1999 sepulcro
900 1961 1046 1989 certum
1074 1962 1194 2002 genus
1218 1950 1358 1992 avium.

96 2003 146 2042 ab
169 2004 344 2044 Luciano
367 2005 426 2044 hic
450 2004 685 2056 affignatum.
718 2005 806 2044 Hoc
830 2016 978 2042 tantum
1005 2005 1159 2056 cogitur
1181 2017 1228 2042 ex
1254 2004 1357 2044 illius>

93 2058 249 2106 verbis,
271 2058 429 2099 similem
452 2059 546 2098 olim
569 2059 612 2097 de
637 2057 792 2098 Hesiodi
815 2058 969 2099 tumulo
993 2056 1167 2096 fabellam
1194 2071 1350 2109 percre-

93 2110 214 2151 buiffe
225 2114 366 2165 z‘quod
377 2125 498 2167 genus
510 2113 642 2152 avium
660 2125 749 2151 eum
763 2112 1026 2159 celebraverit,
1047 2110 1174 2151 nescio
1187 2124 1233 2149 an
1246 2112 1352 2161 alias,

93 2165 156 2206 hic
181 2178 283 2206 certe
305 2180 384 2209 non
408 2166 581 2206 refertur.
601 2165 730 2206 GtsN.
1293 2204 1298 2209 ,

148 2223 222 2259 ead.
241 2221 265 2258 l.
287 2234 343 2260 10.
360 2223 425 2260 Τον
436 2219 608 2259 Ἧσ-ιόἓου
621 2220 762 2273 τάφον)
787 2218 850 2258 De
863 2219 954 2259 loco
969 2218 1056 2258 vide
1069 2219 1251 2270 Thucyd.
1268 2219 1327 2258 III
1336 2250 1357 2265 ,‚

91 2275 158 2327 96.
173 2274 260 2313 Vid.
280 2275 386 2314 Men.
406 2275 452 2313 ad
468 2274 586 2326 Diog.
609 2274 733 2314 Lae'rt.
752 2285 835 2326 pag.
854 2274 924 2322 148
940 2273 981 2312 F.
1003 2273 1072 2325 qui
1088 2285 1159 2325 pro
1178 2274 1350 2325 κορώναις,

92 2327 305 2382 χελιδόνας
322 2329 485 2380 reponit.
504 2328 663 2368 SOLAN.
1127 2361 1134 2366 .

133 2381 223 2421 'ead.
240 2383 264 2421 l.
277 2396 291 2420 1
305 2396 335 2421 ι.
351 2382 519 2434 Εἰκόνας)
540 2382 695 2422 Luciani
719 2380 979 2420 conieauram
994 2390 1155 2419 eventus
1167 2393 1350 2431 compro·

96 2436 217 2475 bavit.
243 2436 528 2488 Athenagoram
554 2436 664 2482 audi,
688 2449 725 2488 p.
740 2449 791 2485 72
814 2434 864 2473 D.
880 2435 920 2473 E.
942 2433 1009 2473 τοῦ
1022 2433 1268 2486 Ἀλεξάνδρου
1289 2432 1348 2473 ἔτι

95 2491 160 2530 ἐπὶ
174 2489 241 2532 τῆς·
258 2488 403 2544 ἀγορᾶς
418 2490 480 2531 καὶ
501 2489 516 2530 ὃ
532 2492 659 2542 τάφος
676 2489 744 2530 καὶ
766 2486 915 2531 asinar.
937 2487 1088 2528 Deinde
1109 2497 1351 2539 parentatum

977 2541 1108 2594 003
