1835 3408
519 186 572 232 16
766 177 1524 226 LUCIANUS

511 302 528 330 ε
533 300 601 340 χει
615 284 690 345 μὲν
705 300 750 328 το
772 274 985 345 κειμήλιον
1010 299 1124 328 τουτο
1140 298 1217 327 και
1238 275 1434 326 δείκνυσιν
1445 312 1456 329 ,
1472 298 1526 332 ως
1539 272 1806 346 Τεγεατοιι

511 378 582 405 του
605 353 873 405 Καλυδωνίου
900 375 945 402 το
974 349 1130 423 δερμα,
1158 374 1236 402 και
1261 351 1457 411 Θηβαιοι
1481 348 1541 401 τα
1567 353 1677 402 cio-TE
1697 374 1771 403 του

512 429 727 508 Γηρυονου,
752 451 828 478 και
854 425 1173 496 ΒῙεμΦῖται
1121 451 1190 486 της
1202 418 1355 484 Ῑσιὸος
1380 449 1471 483 τους
1493 426 1766 522 πλοκαμους.

510 502 636 561 αὐτος
655 497 733 555 δε
717 527 735 553 o
754 528 823 554 του
799 503 1110 572 θαυμαστου
1123 525 1340 571 κτηματος
1353 502 1576 562 ὃεσποτης,
1591 500 1668 555 κάι
1688 507 1772 553 αὐ-

511 604 575 631 τον
594 572 642 631 σε
661 603 709 643 τη
688 579 993 630 ἀπαιδευσία
1005 602 1081 629 και
1103 579 1350 649 βοελυριά
1333 577 1650 648 υπερηκόντισεν.
1673 577 1770 649 ὁρᾷς

511 656 625 714 ὅπως
640 654 956 723 κακοδαιμόνως
978 654 1214 707 διάκεισαι,
1230 654 1468 724 βακτηρίας
1485 655 1524 710 ἒς
1535 647 1604 713 τῆν
1619 663 1771 715 κεφα-

431 750 482 799 15
510 726 586 792 λην
616 732 671 787 ὡς
695 728 861 789 αληθως
880 730 1074 798 ὃεομενος.
1107 726 1306 793 Λέγεται
1332 750 1423 796 γαρ
1449 751 1525 780 και
1556 726 1773 780 Διονυσιον

508 827 746 877 τραγωυιαν
764 827 888 856 ποιειν
903 802 1091 866 φαυλως
1110 805 1223 855 πάνυ
1234 841 1245 859 ,
1263 827 1340 855 και
1360 809 1562 868 γελοίως,
1579 801 1688 857 ὥστε
1703 829 1772 858 τον

508 883 726 939 (Ῐ)ιλοΞενον
739 880 963 938 πολλακις
976 880 1022 930 δι’
1035 874 1160 941 αὐτην
1175 882 1215 936 ἐς
1226 902 1307 937 τας
1319 885 1540 948 λατομίαις
1552 878 1775 949 ἐ[..ιπεο·ειν,4

505 962 551 1010 οὐ
571 959 785 1026 δυνάμενον
812 953 1011 1018 κατέχειν
1035 979 1100 1006 τον
1130 952 1324 1019 γέλωτα.
1355 961 1468 1012 ουτος
1492 961 1614 1009 τοίνυν
1637 956 1770 1009 πυθό-

506 1056 626 1116 μειος
645 1034 699 1090 ὡς
720 1034 992 1096 εγγελαται,
1018 1055 1064 1082 το
1084 1028 1309 1094 Αιο-χυλου
1329 1033 1493 1094 πυξίον,
1512 1053 1567 1089 εις
1584 1031 1605 1083 ’ὂ
1625 1034 1768 1092 ἐκεινος

506 1108 678 1180 ἔγραφε
690 1145 701 1163 ,
735 1131 809 1159 συν
845 1111 992 1171 πολλῆ
1019 1107 1184 1159 ο-πουδ
1163 1130 1183 1160 n
1217 1129 1478 1177 κτησαμενος
1508 1103 1610 1159 αὐτο
1623 1145 1636 1164 ,
1667 1099 1772 1179 {oea-0

505 1183 624 1242 ἔνθεος
644 1181 858 1239 εο-εσπὲαι,
878 1207 956 1234 και
976 1206 1162 1246 κατοχος
1181 1185 1229 1234 ὲκ
1249 1184 1319 1235 τοῦ
1338 1185 1505 1246 πυξίου,
1526 1187 1638 1236 αλλ’
1653 1183 1768 1254 ὅμως

504 1264 542 1313 ἐν
558 1261 675 1332 αυτῷ
695 1263 831 1330 ἐκείνῳ
850 1282 1006 1331 μακοω
1025 1259 1271 1331 ’γελοιοτερα
1283 1257 1496 1351 ἔγραφεν·
1511 1283 1584 1312 οιον
1595 1263 1766 1313 κοίκεινο

505 1361 551 1389 το
578 1334 825 1408 Δωρικον,
811 1358 902 1397 ηκεν
921 1338 943 1396 ἦ
970 1338 1185 1387 Διονυσίου
1204 1357 1330 1400 γυνη,
1352 1357 1430 1387 και
1453 1335 1604 1388 παλιν·
1635 1358 1767 1406 οιμοι,

505 1435 698 1478 γυναικα
710 1417 914 1504 χρησίμην
928 1412 1164 1464 απῶλεσα.
1181 1435 1267 1462 και
1276 1435 1393 1464 τουτο
1411 1433 1504 1480 ’γαρ
1524 1413 1573 1463 ἐκ
1590 1413 1660 1463 τοῧ
1681 1435 1774 1464 πυ·

502 1488 587 1552 {lov
600 1526 611 1544 ‚
632 1512 709 1540 και
733 1511 803 1544 το,
824 1490 964 1545 αὐτοις
985 1510 1077 1556 ’γαρ
1100 1490 1372 1558 ἐμπαίζουσιν
1394 1494 1428 1540 οἱ
1445 1511 1574 1560 μωροι
1595 1486 1772 1561 βροτων.

500 1620 617 1663 atque
633 1608 819 1657 ostentat,
837 1619 882 1648 ut
902 1608 1098 1662 Tegeatae
1109 1607 1318 1660 Calydonii
1337 1608 1413 1662 apri
1435 1609 1615 1658 exuvias,
1635 1609 1678 1651 δι
1691 1609 1770 1652 Ge-

498 1673 638 1725 ryonis
659 1672 739 1713 offa
760 1672 962 1721 Thebani,
988 1672 1031 1712 &
1055 1671 1294 1725 Memphitae
1316 1671 1515 1712 cincinnos
1539 1670 1654 1712 Isidis.
1684 1671 1769 1726 Ipse

498 1749 601 1776 vero
621 1735 848 1776 admirabilis
873 1736 927 1776 rei
955 1736 1135 1776 dominus
1149 1766 1161 1784 ,
1182 1735 1246 1775 vel
1272 1734 1397 1789 ipsum
1421 1746 1460 1776 te
1482 1734 1625 1776 inscitia
1650 1746 1768 1790 atque

499 1798 720 1853 impuritate
740 1797 885 1838 vicerit.
899 1797 1003 1838 Vide
1016 1828 1029 1846 ‚
1048 1810 1164 1850 quam
1189 1795 1391 1837 infeliciter
1410 1808 1448 1837 te
1464 1796 1628 1846 habeas,
1648 1796 1768 1838 bacu-

499 1858 542 1898 lo
565 1860 605 1898 in
627 1869 743 1912 caput
767 1858 951 1912 [incuffo]
981 1869 1116 1898 revera
1137 1857 1320 1911 indigens.
1350 1857 1504 1899 Dicitur
1526 1859 1641 1899 etiam
1666 1857 1769 1899 Dio-

497 1921 636 1974 ssyfius
659 1932 849 1973 tyrannus
874 1919 1054 1974 scripfiffe
1077 1920 1314 1973 tragoediam
1328 1951 1341 1969 ,
1367 1920 1466 1962 male
1494 1919 1583 1961 sane
1606 1921 1649 1963 δε
1671 1921 1769 1962 ridi-

498 1984 607 2031 cule,
627 1984 724 2024 adeo
742 1993 786 2023 ut
807 1983 916 2035 saepe
932 1992 1092 2037 propter
1114 1994 1198 2021 eam
1210 1981 1249 2021 in
1259 1981 1488 2022 Lautumias
1501 1982 1673 2023 inciderit
1686 1982 1770 2022 Phi-

499 2047 687 2094 loxenus,
710 2047 778 2100 qui
797 2045 915 2087 risum
933 2046 1132 2086 continere
1150 2058 1230 2085 non
1252 2044 1385 2100 poffet.
1406 2046 1481 2087 Hic
1503 2056 1600 2099 ergo
1625 2045 1768 2086 deride·

498 2112 531 2151 ri
555 2109 593 2151 se
616 2111 795 2160 audiens,
818 2109 1027 2164 pugillares
1049 2108 1258 2160 Aeschyli,
1287 2109 1329 2148 in
1357 2108 1497 2162 quibus
1521 2108 1588 2149 ille
1603 2107 1768 2150 scribere

496 2172 630 2213 solitus
647 2172 770 2213 fuerat
780 2204 791 2220 ‚
803 2171 966 2213 studiose
982 2171 1075 2212 emit
1086 2200 1097 2218 ,
1120 2170 1296 2211 futurum
1315 2181 1423 2212 ratus
1433 2201 1448 2218 ,
1460 2181 1509 2211 ut·
1519 2170 1652 2212 divino
1666 2183 1768 2225 quo-

497 2234 585 2274 dam
609 2236 656 2275 ad
678 2235 855 2287 poeticen
879 2233 1002 2274 studio
1024 2233 1111 2273 inde
1143 2233 1388 2274 animaretur.
1417 2233 1569 2274 Verum
1592 2232 1768 2273 enimve·

498 2310 546 2336 ro
568 2298 607 2337 in
631 2297 700 2337 illis
721 2297 807 2350 ipfis
834 2298 966 2337 tabellis
992 2297 1107 2350 longe
1130 2297 1246 2336 etiarn
1271 2297 1391 2350 magis
1419 2295 1580 2337 ridicula
1600 2293 1767 2350 scripsit,

497 2360 614 2413 quale
633 2360 725 2399 illud
745 2359 935 2399 Doricum
949 2389 961 2407 ‚
978 2358 1131 2398 Advenit
1146 2359 1314 2411 Dionyfii
1328 2358 1469 2398 mulier.-
1497 2357 1538 2398 &
1555 2356 1672 2404 illud,
1691 2355 1767 2396 Hei

498 2422 670 2475 coniugem
690 2438 791 2476 quam
811 2424 1017 2462 commodam
1037 2422 1230 2473 deperdidi!
1255 2433 1342 2460 nam
1364 2419 1460 2460 istuc
1485 2419 1601 2459 etiam
1627 2419 1674 2458 de
1694 2428 1768 2472 pu-

500 2485 717 2538 gillaribus:
743 2486 787 2526 δι
806 2484 921 2535 illud,
941 2485 1047 2524 Stulti
1059 2485 1127 2538 fibi
1146 2484 1296 2524 illudunt
1310 2484 1397 2524 enim
1414 2482 1621 2523 mortalium.
1634 2480 1767 2534 Atque
