1835 3408
406 171 501 233 376
620 164 1490 220 'ANNOTATIONES

405 258 521 296 huius
532 256 731 308 Sophistae
751 256 908 296 nomine
922 254 1100 305 insignire
1115 267 1268 306 queam.
1285 253 1372 294 Fuit
1393 255 1432 294 δι
1447 253 1578 295 Baffus
1593 255 1676 296 Ne⁴³

403 313 516 350 ronis
529 323 704 360 tempore
716 343 727 357 ,
751 313 871 349 homo
884 307 1130 347 dicaciffimus
1140 336 1150 354 ‚
1173 309 1238 360 qui
1253 310 1384 359 Afinus
1395 310 1495 347 albus
1510 310 1676 348 vocaba-

407 375 486 411 tur,
500 376 542 404 ut
554 364 669 404 refert
681 364 849 415 Quintil.
866 364 907 401 L.
919 362 998 409 VI,
1020 374 1057 401 c.
1079 376 1116 413 3,
1133 375 1167 411 p.
1187 374 1270 413 545.
1285 363 1508 414 Afinumque
1525 362 1577 401 ob
1590 364 1674 402 ine-

407 419 528 470 ptias,
547 418 662 457 album
679 419 731 456 ob
747 417 1023 456 iucunditatem
1035 447 1047 461 ,
1066 414 1207 456 difium
1223 415 1307 454 vult
1318 415 1490 455 Turneb.
1507 416 1561 455 At
1574 416 1675 455 Bur-

408 485 513 512 man.
528 473 581 512 ob
594 471 788 524 stuporem
805 470 866 509 vel
882 481 1037 521 magnas
1047 481 1174 514 aures,
1185 469 1225 507 &
1242 469 1413 508 colorem
1428 470 1537 509 cutis.
1557 470 1673 510 Hunc

407 525 591 578 designari
613 538 691 564 non
710 526 880 571 ineptum
895 522 1014 566 foret,
1034 521 1061 561 si
1076 534 1226 574 tempus
1237 524 1474 562 conveniret.
1494 523 1643 562 RErrz.

463 581 541 618 ibid.
558 578 746 630 Βάταλος)
767 578 829 616 De
844 577 920 616 hoc
939 576 1040 627 apud
1053 575 1230 615 au&0res
1245 576 1460 628 ambigitur,
1473 577 1553 617 aliis
1567 576 1675 616 tibici-

410 649 496 678 nem,
506 638 638 685 poetam
659 632 741 670 aliis
753 631 989 670 facientibus.
1006 630 1092 668 Vid.
1105 627 1202 668 Plut.
1222 645 1259 667 v.
1275 629 1478 669 Demosth.
1499 643 1622 682 1554,
1641 630 1673 671 1.

410 687 478 739 qui
496 699 652 733 monet,
671 686 720 724 ita
743 685 883 723 dieium
904 684 950 722 ab
971 683 1228 723 obscoenitate
1238 682 1549 723 Demosthenem.
1566 684 1677 724 Liba·

411 742 497 780 nius
509 741 546 778 in
565 740 643 778 vita
654 738 856 778 Demosth.
868 737 1064 776 tibicinem
1079 737 1278 789 Ephesium
1290 736 1397 777 fuisse
1411 738 1459 776 ait
1473 737 1582 789 supra
1591 751 1677 777 mo-

410 794 502 832 dum
519 793 672 832 mollem
685 822 694 838 ‚
710 806 733 832 a
745 805 825 845 quo
840 791 970 831 deinde
985 791 1118 830 molles
1128 804 1264 830 onmes
1277 792 1320 830 B.
1335 791 1422 831 dieti
1436 791 1518 830 sint.
1529 790 1678 831 Consu-

410 847 446 886 le
463 847 576 886 etiam
595 846 749 886 §uidam
763 876 773 893 ,
800 848 838 885 &
853 846 890 884 in
904 858 992 884 eum
1007 844 1239 884 eruditiffimi
1253 845 1408 884 editoris
1429 857 1572 884 notam.
1594 844 1677 896 lpse

410 900 614 941 Demosth.
639 902 719 939 eius
738 899 935 952 opprobrii
953 899 1148 944 meminit,
1170 913 1203 948 p.
1225 913 1273 937 m.
1292 913 1362 952 179
1382 898 1426 938 B.
1445 899 1490 938 C.
1513 899 1676 939 Poetam
1747 907 1751 915 ’

412 954 570 995 mollem
593 954 689 993 facit
711 953 782 993 Ios.
809 953 1013 993 Barbetius
1036 952 1124 992 AG.
1147 953 1205 998 X,
1228 952 1318 1005 823.
1348 953 1435 993 Vid.
1450 953 1565 992 etiam
1580 953 1676 993 Bro-

411 1009 549 1048 daeum
567 1007 721 1048 Miscell.
736 1008 774 1055 I,
792 1020 852 1046 20.
874 1007 1032 1046 SOLAN.

467 1067 542 1102 ead.
558 1063 582 1101 l.
600 1076 659 1110 14.
673 1060 862 1114 Ἡμιθέων)
883 1059 999 1100 Ovid.
1013 1059 1202 1107 Trist.11‚
1218 1059 1335 1112 Epist.
1354 1059 1400 1099 ad
1412 1060 1516 1113 Aug.
1533 1061 1606 1099 Nec
1617 1061 1676 1113 qui

413 1115 599 1170 composuit
608 1130 715 1168 nuper
731 1118 759 1155 S
758 1116 933 1168 ybaritida
942 1114 1049 1168 fugit.
1066 1114 1205 1159 Huius,
1218 1125 1259 1153 ut
1273 1115 1436 1160 videtur,
1451 1115 1586 1154 3υᾶοτ
1599 1115 1677 1154 He-

412 1171 599 1211 mitheon.
611 1170 759 1209 Alludit
769 1169 877 1209 Philo
889 1169 1089 1209 Hebraeus
1101 1168 1138 1206 in
1153 1168 1233 1207 vita
1246 1167 1376 1207 Mofis.
1398 1169 1604 1213 Comoedias,
1619 1168 1678 1206 in-

413 1226 515 1275 quit,
527 1225 562 1263 6³
575 1225 601 1261 S
598 1224 791 1277 ybaritl‘cas
802 1224 967 1276 nequitias
978 1234 1216 1272 componentes.
1229 1222 1342 1261 Mart.
1354 1222 1466 1261 etiam
1479 1221 1551 1262 Χ11
1561 1219 1676 1262 Thes.

413 1278 516 1319 Crit.
530 1278 648 1319 Grut.
664 1292 702 1329 p.
719 1292 784 1324 27,
805 1290 835 1316 1.
850 1277 918 1316 Lil.
933 1276 1147 1328 Gyrald.p.
1165 1276 1256 1324 482.
1276 1276 1434 1315 SOLAN.

469 1333 560 1384 Pag.
584 1346 644 1380 24.
657 1332 684 1375 l,
697 1346 728 1372 2.
744 1330 906 1383 Χύτρους
920 1329 1130 1382 λημῶντες)
1146 1330 1332 1370 Comicus
1352 1332 1389 1369 in
1400 1329 1502 1369 Nub.
1521 1343 1559 1382 p.
1578 1341 1673 1378 144:

413 1385 446 1426 εἰ
461 1385 513 1436 μὴ
536 1385 659 1437 λημᾷς
675 1383 931 1425 κολοκύνταις.
954 1384 1014 1423 Ad
1034 1396 1135 1436 quae
1156 1384 1276 1423 verba
1292 1395 1403 1424 vetus
1421 1383 1551 1424 Schol.
1573 1381 1615 1422 ‘O
1630 1382 1678 1422 δὲ

414 1443 610 1480 Λουκιανὶς
627 1442 662 1479 ἐν
676 1439 730 1489 τῷ
748 1441 838 1491 ’πρὸς
853 1438 1090 1477 οιπαίέευτον
1104 1438 1311 1476 καὶπολλὰ
1326 1437 1453 1480 βιβλία
1469 1436 1676 1488 ὠνούμενον,

413 1490 479 1533 οὔκ
491 1495 644 1533 ω’κνηο-εν
661 1493 778 1533 εἰπεῖν
790 1491 958 1545 χύτραις
969 1491 1170 1541 λημῶντες.
1183 1491 1527 1543 Ηε(’γε1ι.Κρονιιιοι“ι
1540 1488 1678 1541 Annae,

413 1549 522 1599 παρὰ
534 1548 600 1587 τὴν
617 1548 824 1597 παροιμίαν
839 1545 907 1586 τὴν
922 1545 1087 1598 χύτραις
1101 1544 1239 1595 λημᾷν,
1255 1546 1318 1584 καὶ
1343 1545 1586 1584 κολοκύνταις
1611 1544 1676 1584 ἐπὶ

413 1601 487 1641 τῶν
501 1602 839 1652 ἀμβλυωττοντων.
862 1600 907 1640 L.
920 1601 1017 1640 Bos.
1035 1601 1086 1639 V.
1101 1599 1295 1639 Scholiast.
1311 1599 1506 1651 Aristoph.
1520 1603 1606 1648 Νεφ.
1627 1598 1677 1639 ad

413 1668 454 1696 v.
472 1655 563 1709 326,
573 1670 609 1709 p.
627 1669 713 1704 144.
726 1655 766 1694 δι
778 1653 944 1705 Hesych.
962 1653 1129 1706 Kpovmoei
1145 1651 1277 1702 λιῖμοιι.
1301 1654 1461 1694 SOLAN.

468 1711 542 1748 ead.
559 1710 580 1748 l.
599 1725 634 1762 3.
660 1709 779 1762 Μυριόι
799 1707 898 1763 γὰρ)
920 1707 982 1748 Sic
997 1709 1048 1747 ‘de
1062 1706 1213 1748 Calum.
1234 1720 1266 1748 c.
1290 1721 1335 1748 10
1349 1707 1389 1747 δι
1403 1722 1464 1762 29.
1489 1706 1553 1748 Sic
1574 1707 1676 1761 apud

412 1762 581 1805 Aristeu.
596 1763 710 1816 Epist.
729 1777 794 1816 19,
815 1763 876 1802 lib.
894 1762 946 1801 Π.
968 1762 1142 1803 BOURD.

468 1819 543 1856 ead.
556 1818 579 1856 l.
599 1831 630 1867 5.
644 1815 854 1869 Μαστίχη)
874 1816 936 1855 Ad
946 1816 1140 1868 depilanda
1152 1828 1317 1868 corpora
1333 1815 1562 1855 adhibebant
1580 1816 1679 1857 mol·

412 1869 470 1911 les
491 1870 568 1918 isti;
591 1871 698 1922 quod
712 1870 753 1911 &
770 1870 961 1922 hodieque
977 1869 1146 1910 faffltant
1160 1870 1328 1910 Asiatici.
1346 1869 1446 1910 Vide
1471 1869 1583 1924 supra
1603 1884 1674 1911 no-

412 1934 491 1964 tam
513 1925 558 1964 ad
571 1929 690 1965 Min-5.
706 1938 739 1963 c.
760 1939 819 1977 33.
841 1924 1000 1965 SOLAN.

469 1981 543 2017 ead.
561 1979 584 2016 l.
608 1991 664 2030 15.
681 1979 851 2017 Ἀττιιδον
864 1979 927 2017 καὶ
943 1977 1146 2031 Καλλῖνον)
1166 1978 1289 2030 Supra
1305 1991 1337 2018 c.
1355 1993 1376 2018 2
1397 1991 1452 2031 pr.
1474 1978 1634 2018 SOLAN.

468 2032 562 2086 Pag.
577 2045 637 2083 τις.
649 2033 675 2070 l.
691 2032 727 2071 6.
740 2030 923 2085 Κᾷικεῖνα)
950 2033 1040 2071 Non
1053 2033 1184 2084 liquet.
1198 2032 1356 2072 SOLAN.
1382 2033 1427 2072 In
1440 2046 1557 2086 marg.
1577 2034 1672 2073 lunt.

412 2096 570 2126 notarat
581 2087 694 2133 idem,
707 2086 796 2124 nihil
814 2087 963 2126 variare
974 2087 1055 2127 edd.
1069 2086 1140 2126 Sed
1153 2087 1192 2126 in
1207 2086 1329 2138 phrafi
1345 2086 1501 2141 καὶγὰρ
1517 2086 1673 2137 κᾴκεῖνοι

412 2140 507 2180 nihil
520 2140 574 2185 est
587 2140 668 2180 vitii
680 2154 693 2187 3
705 2152 779 2180 tam
794 2138 904 2193 saepe
917 2140 1017 2180 enirn
1030 2141 1232 2180 habuimus
1250 2141 1340 2180 illud
1360 2141 1422 2179 καὶ
1439 2142 1518 2194 γὰρ
1535 2141 1614 2189 καὶ,
1630 2153 1674 2181 ut

411 2205 540 2245 neque
553 2206 725 2246 repetere
740 2193 870 2241 velim,
881 2207 1005 2246 neque
1017 2194 1171 2234 credere
1186 2194 1318 2246 poffim
1336 2194 1430 2236 adid
1443 2195 1596 2235 haefiffe
1609 2194 1677 2235 So-

410 2246 569 2288 lanum:
592 2260 729 2288 verum
742 2248 841 2288 aliud
861 2249 897 2286 in
918 2248 1024 2288 sensu
1038 2248 1223 2300 quaefivit
1237 2249 1505 2296 vitium;,nam
1527 2249 1590 2288 vel
1604 2248 1673 2298 κᾴ-

411 2300 532 2346 κεῖνοι,
555 2301 618 2340 vel
632 2300 792 2353 sequens
803 2300 937 2342 ταῦτα
951 2303 1085 2343 melius
1098 2301 1248 2342 abesset.
1266 2302 1357 2343 Scio
1372 2303 1542 2355 quidem,
1556 2299 1673 2343 αὐτος

410 2353 546 2395 {aanor
560 2355 659 2395 haud
671 2354 892 2408 infrequens
903 2356 992 2402 effe,
1003 2369 1045 2397 ut
1057 2356 1202 2396 Aelian.
1215 2358 1266 2396 V.
1280 2358 1330 2396 H.
1341 2356 1415 2401 lv,
1429 2369 1466 2406 9,
1479 2356 1569 2396 ἀλλ’
1581 2355 1673 2409 ἐγώ,

412 2420 548 2457 φησιν,
563 2405 677 2448 αὔτος
690 2408 823 2448 ἐκεῖνος
836 2409 926 2458 εἰμι.
945 2411 1154 2450 Herodian.
1169 2410 1247 2458 111,
1265 2424 1278 2448 ι
1289 2425 1323 2464 3,
1337 2424 1376 2459 7,
1387 2405 1501 2453 ορῦτῇν
1517 2424 1560 2449 τε
1578 2410 1673 2449 ἐκεί.-

413 2475 470 2506 νιιν
488 2461 554 2507 καὶ
572 2463 635 2507 τον
651 2462 816 2515 ἀδελφὺν
829 2461 955 2509 αὐτῆς.
970 2464 1129 2509 Aristot.
1143 2465 1187 2508 de
1200 2464 1299 2509 Gen.
1311 2463 1478 2507 Animal.
1492 2463 1568 2515 ΙΙΙ,
1581 2464 1605 2505 6
1617 2476 1676 2519 pr.
