1783 3403
134 267 218 330 ΛΝ
237 266 516 316 CALUMN.
536 266 677 316 NON
693 266 955 316 TEMERE
973 266 1155 318 CRED.
1212 290 1302 335 401

50 358 142 400 ’ὅταν
157 381 201 390 -
218 361 273 398 τὰ
286 357 354 398 τοῦ
367 359 475 408 νόμον
486 358 587 408 ποι-ἷ-
604 359 741 413 quibus
752 360 880 400 verbis
892 359 1032 401 Elsner.
1045 361 1141 403 haec
1152 363 1311 406 Luciani

51 414 201 465 aliaque
213 413 342 451 fimilia
357 414 466 452 addit.
482 413 628 452 Rmz.
696 423 701 428 ·

104 468 177 505 ead.
196 467 221 505 l.
245 467 302 505 16.
317 469 427 504 Ξυνὶς
443 467 632 519 ἐνυάλιος)
648 465 828 508 Hectoris
841 467 961 507 verba
975 466 1062 507 sunt
1077 467 1179 509 Iliad.
1192 475 1224 511 Σ
1237 500 1251 516 ,
1269 484 1309 511 v.

55 532 143 573 309.
167 520 300 558 Livius
323 519 387 558 lib.
403 519 600 566 XXVIII,
621 531 700 573 cap.
721 533 787 572 19:
805 521 864 560 ubi
884 524 989 559 Mars
1011 523 1312 563 communis&vi-

51 578 136 612 aum
151 572 255 625 saepe
273 572 425 624 erigeret,
447 573 483 611 6-
500 573 661 625 affligeret
675 574 837 613 viHorem.
860 573 1032 627 Propert.
1059 575 1114 623 11,
1137 589 1204 625 27:
1227 578 1310 617 Cum

54 628 204 665 Mavors
225 627 345 665 dubias
368 627 480 677 miscet
503 627 656 680 utrinque
677 642 810 667 manus.
835 626 955 668 Ovid.
983 642 998 667 1
1026 627 1164 669 Amor.
1185 630 1242 669 El.
1262 644 1286 685 9
1300 660 1312 679 ,

55 681 161 719 Mars
183 681 304 719 dubius
322 679 546 719 &c.T01.1..

107 734 186 772 ibid.
200 736 266 772 nv
282 731 421 785 κταν.)
443 732 697 786 Adl'cripserat
717 733 902 783 Solanus‚
925 749 971 774 τε
995 736 1032 775 in
1047 736 1226 776 Homero
1240 736 1315 777 esse

55 799 129 839 pro
141 789 219 834 τὶν,
235 785 358 836 τεξὶε5
371 786 430 825 sed
445 787 549 840 quod
563 788 675 826 etiam
695 788 900 836 adleverat,
915 789 960 827 B.
976 789 1001 828 i.
1020 801 1051 829 e.
1075 789 1292 830 Bafilienses
1303 821 1317 840 ‚

54 838 107 880 fic
130 839 289 885 habere,
310 841 478 880 erravit:
501 853 587 879 nam
608 851 770 892 utraque
789 842 874 894 Baſs
895 855 1015 894 aeque
1028 846 1092 882 τὸν
1115 843 1251 890 habet,
1266 857 1316 885 ac

55 893 239 946 reliquae.
257 893 397 932 Forsan
414 894 600 934 Codicem
614 895 656 935 B.
669 894 880 947 significare
892 896 1038 942 voluit,
1054 898 1158 949 quod
1176 899 1292 938 credo
1303 929 1316 948 ,

55 959 136 987 non
160 958 288 987 tamen
314 948 461 1000 recipio
480 977 494 997 ,
518 950 608 1001 quia
634 949 747 988 etiam
776 952 840 988 τὶν
875 950 913 988 in
940 949 1021 1003 ipso
1045 951 1222 992 Homero
1243 951 1318 1006 legi

57 1000 192 1054 potest.
216 1001 362 1040 Rmz.

111 1057 184 1093 ead.
198 1056 222 1095 l.
239 1067 297 1105 17.
312 1055 495 1094 nemim:
509 1077 553 1086 -
569 1054 678 1095 &sobe
691 1053 915 1109 ἐπινοοῦσιν)
930 1055 1043 1096 Unde
1056 1057 1234 1098 invidiam
1249 1073 1320 1097 oro-

57 1105 280 1161 λυμήχανον
293 1110 356 1147 καὶ
373 1110 589 1160 πάντολμον
602 1109 716 1161 &uf->lov
729 1108 890 1149 Photius
904 1120 1036 1158 vocat,
1052 1111 1164 1165 Epist.
1182 1113 1320 1166 prima,

58 1172 252 1202 commate
266 1161 357 1201 νιν-τ’.
372 1162 507 1202 Tou„

114 1216 205 1266 Pag.
218 1230 281 1264 42.
297 1217 321 1254 l.
338 1229 370 1266 3.
381 1215 716 1268 Ἣμισευέλπιθος)
730 1215 919 1269 Scriptum
937 1215 1074 1257 fuiffeil
1092 1218 1202 1269 μίσος
1223 1220 1242 1259 ἢ
1256 1221 1321 1259 ἑλ-

59 1267 188 1316 orisve,
204 1270 362 1308 minime
381 1271 524 1309 dubito.
540 1271 746 1323 Vulgatam
762 1280 889 1310 tamen
903 1282 1064 1311 tuentur
1083 1285 1217 1313 omnes
1237 1274 1323 1313 libri

61 1323 101 1363 δι
117 1322 194 1376 ipse
206 1323 342 1363 Codex
353 1323 431 1363 Ox.
444 1323 600 1363 SOLAN.

114 1380 186 1416 ead.
199 1379 223 1416 l.
237 1377 274 1416 6.
287 1377 406 1416 Ἀλλὰ
419 1377 563 1417 πολλῆς
572 1377 641 1428 μὲν
653 1377 820 1432 τέχνης)
830 1377 947 1417 Vere.
959 1377 1060 1417 Nam
1073 1407 1083 1426 ,
1098 1389 1142 1418 ut
1153 1379 1206 1418 ait
1218 1379 1324 1420 Plau-

63 1441 125 1470 tus
141 1429 293 1484 Captiv.
311 1443 325 1468 1
337 1444 370 1478 1,
388 1443 402 1468 1
417 1445 424 1470 :
440 1431 528 1469 Doli
541 1447 607 1471 non
619 1432 687 1471 doli
691 1432 798 1483 sunt,
816 1434 882 1483 nisi
896 1433 968 1485 astu
982 1433 1094 1471 colas:
1111 1433 1181 1471 Sed
1195 1435 1322 1474 malum

62 1485 267 1531 maximum,
299 1501 310 1523 ι
323 1484 360 1522 id
369 1485 483 1533 palam
496 1486 659 1537 provenit.
678 1486 815 1525 TOLL.

116 1540 195 1578 ead.
216 1538 241 1576 l.
263 1551 299 1590 9.
327 1535 419 1578 Osss'
436 1539 478 1577 ἂν
502 1539 748 1592 κατίσχυσε)
769 1539 910 1579 Cicero
925 1550 999 1592 pro
1018 1538 1222 1587 CluentIo,
1240 1554 1326 1594 cap.

63 1591 141 1645 653
165 1591 250 1631 Hoc
269 1606 338 1630 uno
358 1594 455 1632 modo
470 1591 573 1645 saepe
597 1595 776 1632 multorum
798 1595 1006 1645 improbitate
1027 1593 1174 1646 depreffa
1199 1596 1325 1634 veritas

65 1647 216 1700 emergit,
238 1645 273 1684 δ’
295 1647 501 1686 innocentiae
531 1646 672 1698 defensio
697 1646 878 1699 interclusa
899 1647 1059 1698 respirat:
1084 1649 1176 1700 quod
1194 1661 1258 1688 aut
1279 1649 1306 1687 ii
1312 1679 1326 1696 ,

0 1720 1 1751 2
65 1701 124 1755 qui
137 1701 186 1739 ad
188 1699 349 1752 ,franckm
368 1701 482 1740 callidi
503 1699 609 1753 sunt,
633 1716 701 1740 non
714 1713 846 1741 tantum
866 1703 1016 1747 audent,
1038 1713 1201 1754 quantum
1222 1717 1326 1743 exeo-⁶·

65 1755 177 1808 girant
189 1768 202 1792 .·
213 1766 275 1792 aut
286 1754 359 1802 illi,
399 1769 517 1793 uorum
529 1755 645 1793 eminet
661 1757 810 1794 audacia
822 1783 833 1800 ,
853 1768 951 1807 atque
963 1755 1106 1808 proieHa
1124 1757 1168 1809 est
1178 1786 1191 1801 ,
1207 1772 1230 1794 a
1245 1771 1327 1795 con·-

57 1808 150 1862 filiis
161 1807 310 1846 malitiae
321 1810 360 1846 de
377 1819 524 1848 eruntur.
545 1810 692 1860 Quodsi
709 1821 772 1848 aut
790 1809 961 1858 confidens
979 1810 1102 1863 astutia
1112 1838 1126 1856 ‚
1148 1821 1212 1848 aut
1222 1811 1328 1850 calli-

68 1865 116 1902 da
127 1861 207 1914 effit
217 1863 386 1910 audacia,
400 1863 463 1901 vix
474 1862 544 1901 ullo
559 1864 653 1916 resisti
665 1867 762 1902 modo
771 1862 892 1915 poffet.
903 1863 1041 1902 TOLL.

123 1915 232 1955 ead.l.
247 1929 305 1968 ¹3·
322 1914 364 1954 ‘0
374 1915 603 1966 τιμώμενος)
621 1917 898 1956 Sarisberiensis
916 1917 978 1955 lib.
997 1916 1067 1955 vn
1085 1915 1331 1965 policratici,

70 1982 154 2024 cap.
171 1983 239 2018 24:
259 1970 395 2022 Ubique
406 1981 515 2009 tamen
526 2001 536 2018 ‚
554 1972 612 2023 qui
624 1971 856 2024 illustrioribus
868 1969 1053 2022 clarescunt
1064 1972 1202 2017 meritis,
1216 1972 1330 2011 acrius

70 2024 203 2063 invidia
215 2022 365 2062 toxicato
382 2026 476 2062 deme
488 2026 660 2063 roduntur.
675 2024 843 2063 Velleius
857 2024 998 2064 Patere.
1015 2025 1073 2062 lib.
1088 2024 1145 2071 11,
1157 2037 1239 2076 cap.
1254 2037 1327 2074 40:

72 2078 263 2131 Nunquam
286 2077 479 2116 eminentiae
493 2078 624 2117 invidia
645 2089 770 2118 carent.
787 2076 919 2117 Livius
936 2078 998 2116 lib.
1016 2078 1140 2124 XLV,
1164 2090 1249 2126 cap.
1271 2091 1334 2130 35,

72 2132 119 2171 de
134 2131 256 2171 Paulo
277 2131 550 2178 Macedonico,
565 2132 628 2172 cui
646 2133 862 2182 triumphus
879 2133 1107 2184 negabatur:
1126 2132 1258 2170 Intabla
1279 2134 1333 2171 in·

73 2183 168 2225 νὶιῆἑι
186 2185 294 2224 media
296 2185 385 2237 fiant
394 2200 410 2233 ,·
430 2188 480 2224 ad
486 2185 623 2237 summa
629 2184 702 2237 sire
722 2188 834 2225 tendit.
853 2185 1117 2237 Apollodorus
1129 2184 1335 2226 Comicus:

76 2243 171 2293 Upi-,0
188 2241 268 2293 γὰρ
280 2241 323 2278 τὸ
338 2239 540 2292 λοιμπρὶννὸ
556 2239 681 2291 φθόνος
694 2240 869 2291 βιάζεται
883 2271 894 2288 ,
906 2256 985 2278 narn
1005 2240 1101 2278 rebus
1124 2240 1231 2293 obstat
1239 2255 1337 2291 prae·

77 2293 236 2347 lustribus
259 2293 405 2332 invidia.
420 2292 646 2347 Cyprianus
669 2294 714 2333 de
738 2294 830 2333 Zelo
850 2294 888 2332 δι
911 2293 1074 2332 Livore:
1093 2295 1235 2343 Quanto
1256 2294 1336 2340 ille,

79 2348 134 2386 cui
154 2347 340 2394 invidetur,
357 2346 511 2400 succcffu
537 2349 666 2388 meliore
682 2346 857 2399 projecerit
870 2376 883 2394 ,
900 2359 994 2386 tanto
1012 2347 1148 2385 invidus
1172 2348 1212 2384 in*
1225 2347 1338 2386 maius

78 2401 266 2441 incendium
279 2400 397 2453 livqris
415 2401 548 2454 ignibus
567 2402 756 2452 inardescit.
771 2401 878 2440 Philo
899 2402 982 2453 περὶ
996 2401 1133 2447 Ἰωσήφ·
1152 2399 1276 2450 φθόνος
1293 2400 1339 2440 ἒὲ

81 2454 139 2496 ἀεὶ
152 2454 242 2494 ταῖς
263 2453 464 2508 μεγάλαις
482 2450 712 2510 εὐπραγίαις
729 2455 958 2499 ἀντίπαλος,
981 2454 1109 2493 invidia
1123 2454 1254 2506 semper
1269 2470 1342 2494 ma-

79 2524 166 2563 gnae
172 2507 351 2560 filicitatis
364 2507 563 2560 adversaria
584 2512 638 2562 est.
661 2510 814 2548 Lucret.
839 2509 902 2548 lib.
926 2507 998 2548 III:
1024 2508 1193 2559 Confimili
1213 2510 1340 2547 ratione

83 2564 126 2603 ab
143 2564 250 2602 eodem
258 2561 358 2616 saepe
371 2563 485 2601 timore
501 2564 661 2605 Macerat
680 2564 834 2610 invidia,
857 2574 933 2603 ante
953 2562 1069 2604 oczdos
1081 2562 1177 2602 illum
1196 2562 1258 2615 effe
1275 2576 1343 2615 pag

160 2616 305 2658 Lucian.
339 2617 418 2658 Vol.
446 2616 484 2656 V
482 2617 555 2662 111.
1026 2613 1061 2655 C
1076 2627 1098 2657 c
