1835 3408
430 147 520 210 536
617 138 1496 191 ANNOT⁰AT10NES

426 234 669 286 Reginonem
684 233 722 272 in
737 233 884 273 Chron.
901 231 947 270 ad
964 242 1051 270 ann.
1065 229 1160 270 Chr.
1182 241 1252 278 ης
1269 228 1366 270 inter
1379 228 1575 279 Martyres
1590 228 1694 267 Fere-1

425 289 556 340 grinum
579 288 768 339 quendam
787 316 799 334 ‚
822 286 890 324 sub
915 285 970 323 M.
989 283 1196 323 Antonino
1220 282 1351 328 Vero,
1384 282 1496 323 cuius
1515 293 1694 333 tempora

429 342 575 392 optime
596 343 670 379 huc
690 340 940 392 quadrarent,
963 337 990 376 fi
1013 337 1189 387 ampliori
1209 336 1451 382 testimonio,
1476 334 1516 376 &
1533 336 1694 376 circum—

427 393 559 434 stantia
579 393 653 432 fata
679 395 760 432 eius
781 391 1000 441 consignata
1022 389 1187 430 fuissent.
1216 390 1419 442 Vindingius
1439 401 1527 428 ann.
1550 388 1694 442 1682.)

429 447 531 486 Suid.
553 447 603 486 εἰς
618 449 682 486 τὶν
699 445 916 498 Περεγρίνου
937 444 1011 489 βίον
1035 443 1286 487 καθάπτεται
1304 444 1371 482 τοῦ
1387 442 1697 495 Χριστιανέσμυῡ.

431 500 555 548 Cave,
577 513 719 545 aurem,
733 499 865 542 lector,
886 499 1016 539 credas
1029 497 1078 538 T.
1093 497 1242 541 Fabro,
1258 496 1317 535 hic
1331 495 1504 536 afferenti
1515 525 1529 542 ‚
1542 508 1624 535 non
1635 497 1696 534 in—

430 565 579 605 tegrum
597 555 641 592 ad
658 565 729 591 nos
743 551 957 606 pervenisse
969 552 1046 590 hoc
1061 549 1289 602 opusculum
1304 566 1312 589 z
1329 548 1464 590 errasse
1475 549 1575 588 enim
1590 562 1697 597 eum,

432 607 624 645 ostendam
641 607 685 645 ad
701 620 732 646 c.
758 619 798 645 11
816 605 946 644 ultima
962 605 1093 645 verba.
1107 603 1298 650 Repertus
1311 603 1386 647 est,
1409 603 1473 655 qui
1497 601 1697 654 suspicare-

433 671 511 709 tur,
529 661 603 699 hoc
624 660 789 698 nominis
810 672 830 696 a
849 658 1023 697 Luciano
1048 659 1081 696 ei
1106 659 1286 702 inditum,
1302 668 1345 696 ut
1364 656 1615 700 Christianam
1640 669 1698 698 re-

432 714 615 766 ligionem
635 742 647 758 ‚
672 713 875 765 peregrinam
901 712 1066 756 scilicet,
1086 710 1126 752 δε
1153 723 1173 748 a
1195 710 1304 749 sacris
1332 710 1574 750 Graecorum
1603 709 1698 749 alie-v

434 781 522 806 nam
540 797 550 810 ,
572 767 811 807 deridendam
834 777 1079 816 proponeret.
1098 764 1217 817 (vide
1238 764 1343 803 Pauli
1357 763 1556 815 vindingii
1569 764 1644 802 διε.
1660 777 1699 816 ρ,

437 819 502 873 3.)
522 819 704 859 Absurde.
723 820 771 857 V.
789 820 837 857 A.
858 818 1144 871 Ge11.v111‚3.
1161 817 1200 856 δι
1215 817 1313 862 XII,
1331 831 1345 856 1
1360 830 1390 855 ι.
1412 817 1534 856 Natus
1556 818 1697 856 eratin

435 874 582 925 oppido
596 872 831 924 Hessespont:
855 873 966 910 Pario
980 902 993 919 ‚
1012 883 1055 911 ut
1071 884 1118 910 ex
1134 871 1276 910 Nostro
1290 870 1418 922 liquet.
1437 870 1701 910 Meminerunt

434 926 653 966 honorifice
676 937 759 964 tum
780 925 928 966 Gellius
941 926 963 963 l.
984 939 1019 965 c.
1042 937 1125 964 tum
1144 925 1335 964 Maximus
1356 924 1504 975 Tyrius
1521 923 1699 964 Diis-111.

437 982 489 1021 V.
504 980 719 1019 &Tertu11.
744 980 789 1018 ad
807 980 971 1030 Martyr.
991 992 1074 1030 cap.
1100 977 1136 1016 8.
1153 976 1286 1020 Euseb.
1311 979 1349 1017 in
1372 977 1520 1018 Chron.
1536 977 1701 1031 Olymp÷

437 1032 856 1077 CCXXXVI,Tatian.
885 1033 990 1071 serm.
1010 1034 1055 1071 ad
1078 1031 1217 1072 Graec.
1241 1031 1302 1070 Ad
1325 1033 1425 1071 hunc
1439 1030 1622 1070 Proteum
1639 1044 1700 1073 re·

437 1087 592 1139 spexiss‘e
614 1087 805 1126 Possucem
828 1087 926 1137 apud
950 1085 1215 1125 Philostratum
1234 1098 1317 1140 pag.
1338 1097 1409 1139 593
1425 1115 1437 1130 ‚
1458 1085 1526 1123 vix
1552 1085 1702 1128 dubito.

437 1141 683 1193 Peregrinum
699 1141 886 1191 quendam
904 1142 1002 1178 inter
1016 1140 1214 1190 Martyres
1233 1138 1301 1178 sub
1328 1139 1382 1178 M.
1406 1139 1606 1178 Antonino
1622 1137 1702 1178 Ve-.

439 1208 487 1235 ro
509 1194 693 1234 recenseri
721 1195 754 1233 in
770 1193 993 1246 Reginonis-
1008 1193 1226 1239 Chronico,
1250 1192 1404 1232 testatur
1416 1192 1648 1245 Vindingius
1663 1206 1702 1245 p.

440 1263 478 1298 4.
495 1249 587 1287 Vid.
602 1248 704 1301 apud
720 1247 833 1298 Xiph.
859 1249 897 1285 in
915 1248 1005 1286 Adr.
1025 1247 1101 1285 206
1117 1247 1162 1285 C.
1177 1247 1406 1297 Euphratem
1427 1245 1702 1299 philosophum

439 1315 595 1345 veneno
613 1302 718 1341 ultro
738 1300 872 1341 hausto
895 1302 1014 1340 vitam
1031 1300 1236 1340 finientem.
1258 1300 1414 1340 SOLAN.
1437 1298 1630 1351 Stephano
1647 1300 1705 1341 Le

439 1357 595 1408 Moyne
618 1356 655 1393 in
679 1354 829 1407 Proleg.
853 1355 901 1394 ad
914 1355 1013 1398 Var,
1031 1353 1143 1394 Sacra
1169 1354 1234 1393 fol.
1262 1367 1309 1393 ιο
1335 1355 1484 1393 videtur
1511 1352 1705 1394 Lucianus

441 1410 574 1448 illudere
597 1408 736 1460 voluffl
761 1408 836 1447 hoc
860 1408 986 1447 libello
1009 1408 1173 1459 martyrio
1194 1408 1407 1460 polycarpi,
1430 1407 1505 1448 hoc
1525 1407 1606 1461 ipso
1622 1406 1703 1448 fot·

440 1475 479 1502 te
499 1475 601 1501 anno
621 1462 779 1501 cremati
794 1475 806 1509 ;
826 1472 942 1513 atque
961 1477 1003 1500 eo.
1021 1473 1154 1499 tantum
1168 1463 1243 1512 fine
1259 1461 1295 1499 ξ’*
1310 1462 1444 1513 confilio
1465 1464 1706 1506 traducendum
1784 1470 1787 1474 ⁴
1828 1469 1835 1493 ἰ

436 1515 618 1576 suscepiffe
634 1514 881 1576 Peregrinum
896 1544 911 1561 ,
931 1527 970 1554 ut
995 1516 1200 1567 Christianos
1214 1517 1323 1554 eodem
1337 1526 1530 1567 argumento
1549 1517 1703 1555 traduce-

447 1583 518 1617 ret,
542 1585 597 1621 qul
622 1572 671 1608 ad
681 1580 877 1621 martynum
893 1569 1016 1623 sponte
1034 1583 1127 1610 ruere
1148 1570 1362 1614 videbantur,
1379 1569 1414 1608 ἐν*
1429 1569 1488 1621 qui
1507 1570 1548 1611 de
1565 1581 1703 1622 marty·
1779 1563 1781 1569 ¹

443 1637 516 1663 rum
531 1623 672 1674 suorum
687 1652 698 1667 ‚
715 1622 921 1674 Polycarpi
940 1621 1158 1674 praesertim
1174 1653 1183 1664 „
1200 1621 1403 1673 fortitudine
1421 1623 1707 1673 gloriabamur&

442 1677 708 1730 triumphabant.
725 1676 842 1716 Hunc
858 1675 1100 1727 Peregrinum
1121 1688 1200 1715 nou
1214 1676 1339 1715 minus
1350 1705 1362 1724 ‚
1379 1689 1494 1729 quam
1507 1675 1704 1718 Simonem

441 1731 630 1783 Magum,
655 1729 908 1781 Apollonium
933 1729 1205 1780 Ty-anensem,
1229 1730 1392 1770 Satanae
1423 1730 1566 1769 artibus
1590 1729 1704 1771 susci,-

440 1794 590 1829 tatum‚
616 1783 683 1835 qui
705 1782 886 1821 invidiam
910 1782 1130 1822 Christianis
1150 1783 1289 1825 faceret
1313 1784 1385 1823 &a
1404 1782 1570 1831 Nescio,
1584 1796 1704 1837 quan·

442 1849 526 1877 tum
549 1837 665 1877 tribui
687 1837 822 1878 debeat
835 1836 1078 1877 coniee'turae
1092 1837 1165 1876 viri
1188 1836 1482 1889 ingeniofiffimi.
1496 1836 1612 1877 Certe
1627 1838 1706 1887 hoe-

443 1892 561 1931 video
575 1921 584 1938 ‚
606 1903 684 1930 non
709 1903 776 1943 per
791 1891 996 1930 cuniculos
1009 1891 1159 1944 aggredi
1177 1903 1250 1930 nos
1263 1890 1384 1931 solere
1398 1892 1624 1940 Lucianum.
1638 1891 1706 1931 Di-.

442 1958 581 1985 camus
606 1944 738 1984 deinde
759 1943 902 1996 aliquid
922 1945 968 1989 de
989 1946 1122 1986 vulture
1135 1945 1307 1997 Peregrini
1326 1958 1415 1991 cum
1437 1945 1628 1999 Polycarpz‘
1645 1961 1702 1992 co«,

442 2000 556 2039 lumba
569 2010 804 2050 comparato.
821 1998 949 2038 GESN.

498 2057 570 2092 ead.
587 2054 611 2091 l.
637 2055 952 2093 2.A02T1<1AN02
976 2056 1140 2091 ΚΡΟΝΙΩ
1161 2051 1260 2105 διε.)
1272 2050 1374 2092 Hinc
1388 2052 1513 2093 cuivis
1531 2063 1705 2107 apparet²

439 2107 637 2159 epistolam
657 2105 730 2146 effe
751 2106 1024 2159 vtpassamelxv
1039 2105 1148 2146 hanc.
1174 2106 1218 2145 In
1237 2106 1309 2148 Ms.
1323 2117 1450 2146 tamen
1471 2105 1587 2161 λόγος
1608 2108 1702 2147 dici-

443 2172 522 2206 tur,
546 2161 581 2199 id
599 2159 651 2200 est
665 2190 675 2207 ‚
698 2159 851 2198 historia
864 2159 943 2199 five
962 2160 1134 2199 narratio
1147 2191 1156 2207 ,
1170 2161 1494 2212 quemadmodum
1519 2161 1702 2201 Herodo-

443 2226 505 2253 tus
519 2214 636 2253 libros
649 2213 738 2254 suos
750 2213 887 2269 λόγους,
901 2225 1036 2252 vocat:
1053 2214 1172 2262 iib.V‚
1189 2210 1236 2253 ὧς
1248 2210 1466 2254 sesamum
1479 2228 1544 2263 μοι
1558 2213 1595 2253 ὲν
1606 2214 1702 2267 πρώι-

445 2282 502 2317 τῳ
526 2268 647 2317 λόγῳ.
664 2268 721 2307 Ira
744 2266 784 2310 ὃ(
805 2268 867 2306 lib.
885 2267 963 2315 VI,
986 2268 1223 2314 Hecataeum
1244 2269 1376 2307 citans.
1402 2268 1457 2307 Ita
1473 2269 1514 2308 δι
1532 2268 1593 2308 alii
1618 2268 1702 2321 pas'-
1737 2308 1740 2311 .

444 2321 526 2360 sun.
547 2319 728 2360 Ceterum
744 2321 782 2359 in
796 2320 1077 2381 ple-risqueMff.
1094 2321 1193 2360 hanc
1213 2321 1295 2360 five
1311 2321 1501 2361 historiam
1517 2321 1599 2361 five
1614 2335 1701 2361 nar-

447 2375 634 2416 rationem
655 2373 789 2414 frustra
813 2375 1023 2425 quaesieris.
1044 2374 1142 2427 Qua
1160 2375 1267 2415 causa
1295 2376 1329 2414 id
1357 2374 1497 2415 faelium
1512 2405 1525 2421 ‚
1546 2375 1573 2414 fi
1595 2375 1703 2415 lubet

446 2428 561 2476 scire,
581 2427 694 2478 audi,
717 2429 880 2482 quaese,
900 2428 1004 2485 quod
1017 2428 1055 2469 in
1075 2441 1157 2472 uno
1179 2441 1227 2474 ex
1254 2427 1338 2474 ΜΗ.
1352 2428 1450 2486 aeg.
1476 2428 1704 2484 adscriptum
