1835 3408
431 158 526 211 406
634 148 1509 200 ANNOTATIONES

434 241 604 281 detexit:
623 241 684 282 sed
708 243 747 283 &
776 242 863 281 alibi
887 240 1026 281 Noster
1051 240 1088 280 in
1112 241 1274 281 eundem
1298 242 1426 282 incidit
1447 254 1632 284 errorem.
1654 240 1709 285 V.

437 296 548 347 ’.Ιιιαρ
563 309 644 346 cap.
665 310 722 343 ις.
739 296 896 336 SOLAN.

491 350 571 388 ibid.
587 349 741 395 Ἀηέηή
757 349 827 388 Ml.
843 348 921 388 Ox.
936 361 992 388 uti
1005 359 1221 389 coniecerat
1233 347 1397 388 Tollius.
1409 347 1453 387 In
1472 349 1662 402 reliquis'
1644 363 1711 388 σιη-

435 402 697 443 samsom-1
713 403 804 442 lens.
820 404 864 442 ad
878 403 1053 441 Hermot.
1068 401 1228 442 submit
1243 402 1438 454 vulgatam
1454 415 1590 441 contra
1603 403 1710 446 Toll.

438 456 627 505 defendit,
651 457 692 497 &
707 456 827 510 potest
845 456 936 495 mihi
956 456 1068 495 etiam
1085 469 1130 494 ea
1148 457 1296 495 ratione
1315 455 1486 502 defendi,
1499 457 1606 508 quod
1620 454 1709 510 εἶχε

438 511 598 563 intelligi
624 524 762 563 queat,
784 510 845 549 vel
865 510 964 550 aliud
988 509 1174 556 verbum,
1194 510 1306 561 quale
1328 509 1485 550 Gelner.
1506 511 1615 548 addit.
1631 512 1710 550 Ve-

439 578 527 605 rum
541 566 697 617 quando
711 565 808 604 Cod.
828 564 952 602 bonae
968 575 1082 602 notae
1103 563 1286 602 habemus
1307 563 1553 604 coniecturae
1567 563 1712 604 Tollia-

439 631 515 659 nae
529 619 746 663 faventem,
767 619 804 656 δι
822 617 958 656 melius
972 617 1143 669 procedit
1157 617 1304 662 oratio,
1322 617 1356 657 id
1372 619 1513 670 recepi
1526 617 1667 660 Rarrz

498 670 1120 723 κάλ.14.Ἐρωτικὺ)’ἒρωτικως.
1142 669 1312 712 GUYET.

502 726 590 778 Pag.
606 738 670 776 45.
686 726 709 763 l.
727 739 760 763 2.
779 727 842 763 Μὰ
858 724 918 762 Δί’
926 724 1032 776 )Th.
1046 724 1192 777 Magist.
1208 738 1246 763 v.
1265 726 1327 763 Μὰ
1343 725 1435 764 haec
1457 723 1619 765 afferens
1643 724 1714 764 ob-

443 778 596 824 servat,
621 791 690 817 rar
685 777 800 818 ffime
822 777 1010 818 affirmare
1029 781 1074 818 *rb
1087 783 1159 828 μόι,
1175 778 1246 819 Sed
1270 779 1349 819 vid.
1376 783 1487 832 {upra
1509 779 1553 819 ad
1579 778 1714 818 Icaro-

444 845 545 873 men.
561 845 643 885 cap.
666 847 712 878 14
731 842 877 875 notata
900 831 1055 872 Sorm.

502 887 579 926 ibid
595 886 809 947 Φιλόξενος)
830 886 980 925 Nobilis
1002 889 1117 938 poe'ta
1137 886 1329 938 LyricuS‚
1344 885 1409 937 qui
1424 898 1513 925 cum
1531 884 1715 938 Dionysii

445 940 604 991 tyranni
620 953 786 979 carmina
804 939 958 979 liberius
974 941 1190 985 damnaret,
1211 941 1258 978 ab
1272 953 1320 979 eo
1336 940 1373 978 in
1390 940 1581 981 Latumias
1593 941 1718 979 detru-

446 993 510 1033 sus
524 993 598 1033 est:
624 995 725 1033 unde
737 994 953 1034 Tarentum
973 993 1171 1046 aufugiens
1190 992 1388 1046 Dionysio
1413 994 1616 1033 revocanti
1635 994 1716 1046 epi·

447 1047 583 1086 stolam
604 1048 703 1086 misit
722 1060 797 1087 una
817 1048 922 1087 litera
944 1052 997 1094 Ο,
1019 1049 1055 1086 id
1077 1047 1131 1087 est
1153 1064 1214 1096 ου,
1233 1059 1418 1087 notatam.
1441 1047 1554 1086 Plura
1573 1047 1716 1088 Suidas

449 1102 626 1141 Meminit
648 1101 686 1141 81
710 1101 932 1142 Plutarchus
956 1102 1001 1142 de
1022 1100 1179 1143 fortuna
1202 1077 1440 1150 Alexandri,
1462 1099 1570 1142 Orat.
1595 1101 1657 1149 11,
1676 1102 1716 1140 in

447 1156 574 1196 initio.
587 1156 724 1197 Tou..

505 1212 580 1249 ead.
593 1210 618 1248 l.
637 1223 667 1257 3.
685 1210 754 1248 Καὶ
777 1208 954 1262 ἄμετρα)
972 1209 1160 1255 Hiulca,
1151 1220 1347 1262 interpres.
1366 1209 1524 1249 Reffius
1550 1209 1718 1251 immodu-

450 1264 546 1311 lata,
559 1265 801 1304 ut-Horatius
816 1264 853 1302 in
870 1264 984 1305 Arte:
1005 1265 1089 1304 Non
1101 1264 1213 1317 quivis
1233 1265 1326 1302 videt
1342 1263 1566 1307 immodulata
1580 1268 1718 1315 poema·

449 1330 488 1357 ta
501 1318 614 1357 iudex
629 1319 766 1358 TOLL.

507 1375 580 1411 ead.
597 1373 620 1411 l.
635 1387 671 1421 4.
687 1372 729 1410 ‘O
749 1371 857 1422 φίλος
873 1369 1286 1432 ὃιαβάλλετοιιΉ-Ιεεε
1307 1371 1352 1410 ad
1368 1371 1577 1410 Lucianum
1593 1369 1717 1424 ipsum

450 1423 491 1479 sp
495 1425 620 1465 eftare
633 1426 836 1465 videntur
819 1426 1038 1491 impietatis
1055 1426 1360 1465 acculatum.1.A
1375 1424 1533 1465 CRozn.

506 1483 580 1518 ead.
594 1481 617 1519 l.
636 1482 671 1519 6.
686 1479 825 1518 ‘Ost'
809 1494 893 1517 ακοι
895 1479 996 1541 σας)
1011 1480 1153 1518 Verte:
1175 1493 1241 1532 quo
1262 1479 1336 1524 ille
1352 1478 1399 1518 sc.
1425 1480 1593 1523 amicus,
1612 1479 1718 1517 audi-.-

452 1547 509 1579 to,
526 1535 642 1586 statim
663 1535 754 1573 velut
766 1535 866 1587 oestro
878 1534 1016 1585 percitis
1033 1534 1185 1578 auribus,
1201 1534 1252 1571 uti
1261 1548 1331 1586 par
1341 1535 1405 1586 est,
1418 1534 1663 1584 inflammatur,
1681 1533 1715 1572 6·

451 1603 578 1627 moram
604 1601 785 1627 accuratae
806 1588 1031 1640 inquisitionis
1051 1603 1118 1626 non
1135 1586 1266 1638 serem,
1282 1587 1459 1638 aversatur
1476 1589 1643 1634 amicum,
1667 1602 1718 1626 re-

444 1635 614 1703 pellitque.
640 1643 753 1682 Plane
779 1658 863 1681 emm
888 1641 1069 1695 istiusmodi
1091 1642 1266 1680 mendacia
1289 1643 1509 1693 confingunt,
1532 1641 1625 1694 queis
1645 1656 1720 1680 ma·

451 1710 541 1735 xzme
563 1709 689 1736 norunt
707 1697 876 1735 audientis
899 1711 1049 1735 animum
1071 1697 1148 1734 ad
1137 1710 1220 1733 ινιηι
1241 1696 1335 1748 poffi
1352 1711 1515 1747 provoca
1517 1696 1539 1734 i.
1554 1696 1692 1736 Tou..

505 1753 581 1789 ead.
596 1751 618 1787 l.
642 1765 695 1789 11
712 1752 782 1790 Καὶ
799 1749 877 1791 ἔνθα
888 1749 1027 1802 τρωτός
1048 1749 1172 1803 ἐστιν)
1193 1747 1252 1790 Sic
1270 1750 1486 1790 Alexander
1499 1748 1719 1789 Parmenio-

452 1804 513 1842 nis
532 1804 801 1844 au&oritatem
817 1804 974 1843 moleste
989 1802 1134 1849 ferens,
1154 1817 1177 1842 a
1200 1803 1389 1843 Cratero
1383 1817 1420 1842 in
1438 1804 1646 1849 Philotam,
1661 1804 1718 1842 in·

449 1856 599 1896 vidiosa
614 1858 711 1897 illius
725 1859 763 1897 δι
777 1857 858 1910 lusp
861 1857 973 1897 iciosa
985 1859 1357 1898 commemoratione
1371 1858 1609 1899 accenditur:
1624 1857 1721 1897 Cur·

451 1911 528 1951 tius
543 1912 608 1951 lib.
623 1912 704 1958 VI,
725 1925 756 1952 c.
784 1912 818 1951 8.
838 1913 898 1952 Sic
920 1913 1027 1951 Nero
1043 1925 1064 1950 a
1084 1911 1275 1964 Capitone
1291 1911 1550 1951 Coflutiano'
1543 1925 1580 1950 in
1593 1912 1720 1951 Thra·

450 1963 551 2004 seam
572 1966 854 2011 inflammatus,
874 1966 978 2020 quod
1002 1979 1080 2005 non
1101 1965 1271 2005 adfuiffet
1300 1967 1336 2004 in
1360 1966 1413 2005 Po
1418 1979 1537 2018 ppeae
1560 1966 1723 2006 Sabinae

451 2019 768 2068 consecratione,
795 2034 910 2074 quam
933 2021 1042 2060 Nero
1064 2033 1153 2070 prae
1179 2020 1315 2059 ceteris
1340 2020 1542 2060 dilexerat.
1561 2020 1722 2060 Tacitus

450 2073 515 2112 lib.
533 2074 651 2119 XVI
668 2087 749 2126 cap.
776 2088 835 2114 22.
857 2074 917 2114 Sic
934 2075 1034 2127 apud
1058 2074 1266 2114 Phaedrum
1290 2074 1448 2114 libertus
1474 2074 1561 2121 ille,
1584 2075 1722 2114 Adiecit

451 2128 510 2174 id,
525 2131 619 2179 quod
622 2129 786 2180 fintrebat
798 2130 943 2169 maxime
957 2129 1158 2168 Doliturum
1173 2128 1313 2167 amanti
1331 2128 1514 2168 Ceterum
1528 2130 1720 2179 exemplo·

450 2193 538 2220 rum
564 2181 636 2222 ὅσοι
664 2182 1014 2223 n6v15.Benedi8tus
1033 2183 1130 2221 male
1154 2182 1246 2235 legit
1266 2181 1434 2234 πρῶτος,
1459 2195 1532 2235 pro
1555 2185 1720 2233 τρωτὸς,

450 2236 644 2288 vertitque
667 2238 700 2275 ee
720 2253 788 2290 qua
807 2250 905 2287 parte
920 2239 1076 2291 praestat.
1101 2237 1186 2276 Nos
1202 2236 1489 2276 emendavimus
1502 2236 1541 2275 δι
1559 2249 1719 2275 contex-

450 2297 559 2337 tum,
578 2292 1005 2343 &interpretationem
1024 2302 1237 2336 vertentes,
1257 2291 1293 2329 6ae
1309 2292 1487 2343 quaquisq
1489 2304 1635 2342 ueparte
1646 2306 1721 2329 ma-

451 2344 540 2384 xime
556 2346 686 2384 vulneri
705 2358 813 2397 patet.
837 2345 973 2386 TOLL.
998 2344 1114 2385 Certa
1141 2343 1194 2384 est
1218 2344 1336 2384 Tollii
1352 2345 1579 2385 emendatio.
1607 2344 1720 2397 Quid

450 2399 551 2437 enim
566 2398 640 2448 est,
654 2400 760 2452 quod
777 2412 865 2439 ante
877 2413 964 2441 eum
981 2400 1017 2439 in
1031 2399 1236 2440 omnibus
1227 2412 1337 2454 impr.
1357 2399 1398 2441 δι
1416 2399 1467 2439 O.
1489 2398 1559 2438 Ms.
1574 2398 1721 2452 legeba-

448 2462 512 2491 tur
524 2452 688 2506 πρῶτος·
681 2482 692 2502 ,
707 2453 866 2494 SOLAN.
