1835 3408
440 206 529 252 232
741 184 1395 234 LUCIANI

437 279 588 345 βούλει
616 274 685 337 δε,
719 306 795 334 και
828 279 1138 368 ὃιηγησομαι
1115 301 1148 328 α
1176 275 1327 329 ἔπαθον
1358 298 1483 331 ποτε,
1512 299 1555 327 ου
1586 290 1701 326 πανυ

439 382 518 429 προ
536 371 714 409 πολλων
735 356 843 409 ἐτων.
867 377 944 423 νροο
964 380 1046 424 μου
1073 352 1400 439 Δημοφαντος
1385 376 1403 403 ο
1427 345 1694 411 ὃανειστης,
1679 373 1700 401 ο

439 434 619 487 κατόπιν
643 432 758 485 οὶκων
777 455 845 491 της
868 432 1091 490 Ποικίλης.
1120 435 1231 485 οὑτος
1257 420 1347 479 obde
1371 449 1548 480 πωποτε
1570 440 1702 478 πλεον

439 508 560 562 πέντε
576 507 773 580 ὃραχμων
790 504 937 558 ὃεὸωκε
948 543 959 560 ,
977 528 1052 557 και
1066 506 1173 566 ηξίου
1186 502 1449 563 ὃεσ-ποτης
1408 512 1521 555 εἰναι.
1542 500 1619 574 ἦρα
1634 492 1701 556 ὃε,

443 592 476 637 ὠ
455 583 692 656 Χρυσι,
683 579 933 634 επιπολαιον
952 603 1044 632 τινα
1059 577 1212 650 ἔρωτα,
1231 602 1320 630 ουτε
1337 575 1589 633 ὑποστένων,
1611 599 1702 630 oure

441 659 670 748 δακρύων,
677 681 765 710 ουτε
798 655 898 727 αωρι
926 655 1299 750 παραγιγνόμενος
1329 652 1398 706 ὲπι
1425 677 1504 712 τας
1534 651 1601 705 Su
1600 676 1702 725 ρας,

443 740 556 787 ἀλλ’
575 758 676 785 αυτο
707 734 836 817 μόνον
849 727 1121 783 συνεκαθευδέ
1133 754 1215 818 μοι
1245 733 1380 785 ἐνίοτε,
1405 754 1482 781 και
1500 751 1615 780 τουτο
1633 726 1705 780 ὃιέι

442 811 616 880 μακροῦ
641 803 780 868 ἐπειὸη
804 799 846 858 δε
867 808 1037 859 ἐλθοντα
1054 828 1157 859 ποτε
1171 803 1437 861 ἀπέκλεισα,
1456 802 1705 877 (Komaia-

444 887 512 946 ὃης
524 908 614 952 γαρ
632 889 650 935 ὁ
671 894 802 956 γραφ
765 906 901 940 ευςε
885 879 1020 934 ἔνδον
998 908 1038 943 ην
1049 920 1060 937 ,
1077 877 1180 933 ὃεκα
1197 879 1403 953 ὃραχμας
1418 873 1704 969 πεπομφως)

444 985 490 1013 το
508 983 591 1048 μεν
603 984 756 1030 πρωτον
774 956 947 1018 απῆλθε
961 982 1032 1028 μοι
1051 957 1429 1049 λοιᾸορησ-αμενος.
1419 978 1509 1009 επει
1530 948 1574 1008 δε
1594 968 1706 1008 πολ-

446 1035 526 1089 λαι
544 1058 617 1105 μεν
631 1035 822 1095 ὃιηλθον
803 1032 973 1116 ημέραι,
962 1026 1077 1100 ,εγω
1091 1026 1124 1084 ὃ
1118 1055 1133 1084 ε
1148 1058 1189 1084 ου
1203 1030 1504 1104 προσέπεμπον
1515 1070 1526 1087 ,
1542 1056 1561 1083 o
1548 1031 1707 1089 Καλ-

447 1112 598 1172 λιαὸης
618 1103 695 1162 δε
688 1108 822 1163 ’ζ’νὸον
807 1134 846 1170 ην
876 1106 1033 1167 αυθις,
1054 1109 1463 1179 ὑποθερμαινομκνος
1489 1106 1559 1170 ηὸη
1578 1107 1667 1160 τότε
1687 1110 1709 1158 ὁ

448 1187 760 1256 Δημοφαντος,
781 1209 857 1237 και
878 1209 1002 1244 αυτος
1021 1183 1327 1251 ἀναφλέγεται
1347 1193 1401 1242 εὶς
1416 1208 1462 1236 το
1472 1205 1705 1276 πραγμρι,

447 1287 527 1315 και
558 1263 739 1319 ἐπιο-τας
772 1284 873 1313 ποτε
894 1300 906 1318 ,
940 1259 1201 1332 ἀνεῳγμένην
1239 1284 1416 1334 τηρησ-ας
1447 1284 1513 1321 την
1544 1257 1706 1349 θύραν,

446 1337 625 1410 ἔκλαεν,
657 1336 850 1392 ἔτυπτεν,
882 1340 1045 1399 ηπείλει
1078 1335 1306 1398 <hovam-ew,
1338 1333 1616 1408 περιερρηγνυε
1638 1358 1709 1395 την

449 1415 682 1477 ἔσθητα,’
667 1411 851 1466 ἅπαντα
872 1416 1020 1469 εποιέι,
1039 1437 1116 1465 και
1134 1427 1252 1470 τελος
1270 1413 1476 1464 ταλαντον
1497 1409 1608 1470 dous,
1628 1409 1711 1481 μα’-

444 1555 535 1601 tibi,
559 1566 661 1608 quae
680 1552 877 1607 quondam
899 1553 991 1592 mihi
1017 1563 1104 1592 ante
1126 1565 1248 1593 annos
1274 1564 1353 1592 non
1373 1551 1426 1590 ita
1446 1551 1588 1591 multos
1609 1550 1712 1591 acci-

446 1617 595 1656 derunt.
628 1616 797 1655 Amabat
821 1628 882 1655 me
914 1615 1213 1668 Demophantus
1237 1613 1399 1663 danista,
1423 1613 1489 1666 qui
1509 1612 1593 1668 post
1618 1611 1713 1653 Poe-

444 1677 543 1717 cilen
565 1677 724 1716 habitat.
759 1677 834 1716 Hic
865 1689 992 1730 neque
1017 1689 1187 1730 unquam
1214 1675 1301 1729 plus
1325 1675 1496 1728 quinque
1527 1674 1714 1715 drachmis

445 1740 625 1789 dederat,
647 1740 689 1780 &
709 1740 823 1780 herus
848 1739 922 1780 effe
951 1739 1181 1792 postulabat.
1209 1739 1378 1779 Amabat
1398 1750 1526 1780 autem
1543 1767 1556 1787 ,
1581 1737 1714 1791 Chry-

446 1799 519 1846 sis,
542 1812 712 1840 amorem
737 1799 930 1853 quendam
951 1801 991 1839 in
1018 1799 1169 1840 summo
1193 1810 1344 1840 tantum
1366 1800 1623 1848 innatantem,
1642 1811 1714 1840 nec

445 1861 711 1915 ingemiscens,
735 1875 861 1915 neque
877 1862 1099 1910 lacrimans,
1127 1875 1253 1916 neque
1271 1861 1497 1915 intempesta
1518 1861 1632 1902 nocie
1645 1873 1715 1901 ve·

446 1924 555 1964 niens
577 1924 624 1963 ad
655 1923 783 1973 fores3
813 1923 875 1964 sed
900 1924 1023 1965 solum
1051 1925 1127 1966 hoc
1158 1925 1313 1978 agebat,
1342 1935 1386 1965 ut
1409 1925 1600 1965 interdum
1627 1937 1714 1965 me·

447 1997 539 2024 cum
570 1983 753 2033 cubaret,
777 1984 893 2036 idque
918 1984 972 2024 sat
997 1984 1124 2038 longis
1149 1984 1370 2025 intervallis.
1401 1983 1505 2024 Cum
1527 1997 1626 2024 vero
1649 1983 1714 2023 ad·

448 2046 669 2085 venientem
683 2045 889 2098 aliquando
903 2044 1134 2085 exclufiffem
1147 2076 1160 2094 ‚
1179 2045 1382 2099 (Calliades
1400 2046 1502 2084 enim
1525 2044 1646 2098 picior
1659 2045 1715 2084 in·

448 2116 511 2145 tus
530 2117 613 2146 erat
625 2137 637 2155 ‚
655 2107 722 2159 qui
742 2106 941 2146 drachmas
961 2107 1092 2147 decem
1111 2105 1283 2159 miserat)
1306 2107 1431 2160 primo
1447 2106 1602 2160 quidem
1619 2119 1715 2146 con·

449 2167 616 2206 viciatus
637 2167 728 2205 mihi
745 2167 848 2207 abiit.
876 2167 980 2208 Cum
997 2180 1097 2207 vero
1118 2168 1247 2207 multis
1269 2166 1476 2208 interiectis
1490 2168 1621 2208 diebus
1635 2180 1716 2208 non

450 2228 640 2268 mitterem
666 2241 764 2281 ego3
790 2227 977 2268 Calliades
995 2239 1121 2268 autem
1148 2230 1249 2269 intus
1267 2229 1357 2269 effet
1378 2229 1527 2270 rursus:
1551 2241 1633 2270 tum
1653 2230 1716 2270 de-

451 2302 560 2328 mum
581 2289 808 2330 incalescens
828 2289 1127 2342 Demophantus
1142 2290 1183 2330 &
1204 2290 1280 2344 ipse
1301 2291 1346 2330 ad
1365 2304 1451 2331 eam
1472 2304 1552 2331 rem
1570 2291 1716 2332 inflam-

452 2362 602 2392 matur:
627 2352 668 2392 &
695 2364 785 2392 cum
809 2351 955 2391 adstans
977 2352 1182 2405 aliquando
1206 2364 1376 2406 apertam
1403 2351 1638 2394 observasset
1660 2354 1716 2394 ia-

452 2425 592 2461 nuam,
615 2413 807 2466 ploravit,
839 2412 1034 2466 pulsavit,
1071 2413 1359 2454 interfecturum
1388 2414 1426 2455 se
1450 2415 1613 2455 minatus
1635 2413 1688 2454 est
1702 2436 1719 2464 ·‚

452 2473 596 2515 vestem
628 2474 798 2524 discidit,
818 2475 907 2517 fecit
934 2477 1085 2518 onmia:
1111 2489 1154 2518 ac
1175 2476 1327 2517 tandem
1353 2476 1499 2520 talento
1520 2476 1635 2528 dato²
1655 2473 1716 2518 so·-
