1783 3403
432 194 535 239 IN
605 193 722 240 DE
792 192 1102 242 DOMO.
1314 220 1405 266 453

133 280 240 335 quod
257 280 296 320 in
313 292 393 320 rem
414 279 491 327 est,
511 280 678 320 maxime
691 310 706 327 ,
718 279 783 332 qui
806 280 975 322 diaums
989 282 1138 322 laudem
1159 285 1205 324 de
1219 283 1329 326 laude
1344 303 1408 328 co-

132 338 252 388 gitat,
280 336 319 374 in
343 346 472 386 eoque
493 344 600 374 totus
624 333 700 382 est3
727 348 799 388 pro
827 335 976 376 ἔπαινον
1003 349 1098 390 ergo
1125 339 1251 380 dicere
1278 343 1408 382 debuit

132 387 290 438 θαῦμα,
304 389 368 428 vel
385 389 458 427 tale
473 389 576 440 quid.
591 387 750 429 SOLAN.

186 451 259 487 ead.
277 448 302 487 l.
320 462 379 500 13.
393 448 631 497 Δημοδόκος)
645 447 707 488 De
724 449 799 488 hoc
813 448 851 488 δι
867 447 1050 501 sequente
1064 447 1198 490 Suidas
1211 452 1249 490 in
1267 453 1405 494 &odfin

131 500 250 541 Hunc
268 502 540 554 Agamemnon
561 503 661 554 apud
687 515 847 542 uxorem
862 532 874 551 ‚
895 502 1095 543 Phemium
1124 503 1279 556 Ulyffes
1307 510 1408 560 apud

131 553 348 608 Penelopen
365 555 585 608 reliquerat.
602 555 759 595 SOLAN.

188 616 265 653 ead.
281 614 306 651 l.
331 627 390 661 17.
405 614 509 652 Ἀλλ’
523 636 567 644 -
583 612 726 667 ἔοικεν)
745 614 775 654 Ε
793 617 910 666 poeta
929 615 1113 668 quopiam
1135 615 1258 657 sumta
1272 619 1405 658 viden-

129 674 208 707 tur.
226 666 395 708 GUYET.
410 668 528 708 Hom.
543 667 587 706 Il.
604 672 660 716 Ψ,
677 681 766 721 430.
783 668 942 708 SOLAN.

185 726 279 779 Pag.
299 739 385 776 107.
401 727 425 765 l.
439 741 475 779 9.
493 725 611 778 Λύξου
625 727 642 779 )
657 726 820 766 Ursmus
845 727 944 780 apud
965 727 1214 768 Gronovium
1236 729 1325 770 AG.
1348 729 1406 780 11,

129 791 199 829 71,
223 792 377 826 monet,
401 781 591 820 Herodoti
611 791 755 834 patrem
780 781 919 832 Xylum
939 783 1179 821 nominatum
1194 814 1204 828 ‚
1230 797 1307 822 non
1324 786 1401 836 Ly-

128 847 238 880 xum,
259 830 365 886 tiuod
381 847 429 873 ex
443 836 717 887 epigrammate
736 835 835 887 apud
860 835 990 888 Steph.
1010 836 1107 886 Byz.
1131 851 1167 874 v.
1185 837 1295 889 Βὺριει
1315 851 1404 877 con-

127 885 218 927 ficit.
230 886 327 927 lllud
340 888 442 927 enim
454 890 686 941 epigramma
702 890 893 941 integrum
911 890 955 927 de
972 902 1102 928 vetere
1118 890 1219 943 libro
1234 892 1400 931 Tzetzae

127 939 353 994 descripsisse
367 940 403 981 se
417 941 590 989 testatur,
603 943 670 994 qui
692 943 830 994 Xylum
847 943 1121 982 nominandum
1147 947 1303 992 doceat,
1328 952 1400 985 ad-

126 993 250 1034 duffis
270 995 479 1036 multorum
497 997 715 1035 testimoniis
728 1027 738 1045 ,
756 999 795 1035 ὅ(
822 997 991 1048 inprimis
1013 997 1180 1037 Zenonis
1196 999 1400 1039 auftorita-

126 1057 191 1095 te,
209 1062 231 1088 a
246 1062 328 1103 quo
343 1049 379 1088 id
394 1049 574 1104 accepiffe
599 1049 636 1090 se
649 1050 810 1090 Tzetzes
832 1049 974 1090 scribit.
993 1051 1105 1091 Unde
1122 1053 1161 1092 c&
1179 1053 1395 1094 Lucianum

116 1104 329 1144 -emendare
342 1104 486 1159 iulient.
504 1105 661 1145 SOLAN.

179 1163 255 1201 ead.
270 1162 294 1201 l.
318 1161 489 1211 ι4,Ὠτιι
502 1165 579 1215 γὰρ
593 1163 690 1216 &c.)
707 1162 896 1203 Herodor.
910 1163 950 1210 Ι,
965 1162 1010 1210 8,
1026 1177 1061 1216 p.
1081 1178 1113 1216 3.
1126 1162 1283 1204 SOLAN.

180 1223 255 1260 ead.
271 1222 295 1261 l.
314 1222 503 1272 17,Ἐπεοι
523 1221 758 1274 πτερόεντα.)
782 1222 942 1260 Homer.
963 1221 1106 1274 paffim.
1131 1221 1287 1262 SOLAN.
1313 1223 1395 1263 Cur

125 1275 250 1314 verba
271 1275 370 1316 alata
385 1287 593 1322 vocentur,
612 1277 709 1315 hanc
725 1276 913 1314 rationem
932 1276 1051 1314 reddit
1065 1275 1200 1317 Iulian.
1225 1278 1262 1315 in
1279 1277 1392 1329 Epist.

125 1328 172 1368 ad
186 1328 338 1382 Eugen.
349 1344 384 1383 p.
406 1343 473 1380 ¹4¹
491 1328 740 1369 collectionis
753 1329 883 1381 Epistt.
899 1328 1126 1369 Graecanic.
1147 1333 1302 1369 πάντως
1320 1347 1393 1370 mu

125 1379 359 1435 καὶὌμηρος
375 1406 420 1414 -
440 1383 670 1435 πτερόεν-ταις
692 1383 859 1434 ἂνομαζει
873 1414 884 1432 ,
904 1382 1005 1422 stim
1028 1382 1213 1423 δύνανται
1236 1399 1394 1424 πρωτα-

125 1434 207 1490 χοῧ
221 1436 375 1488 φοιτξίν,
396 1433 521 1488 dicore?
538 1436 568 1476 oi
587 1435 817 1490 ταχύτατοι
842 1436 915 1475 τῶν
932 1437 1081 1487 ὀρνίθων,
1103 1454 1118 1475 n
1148 1438 1191 1476 ἂν
1207 1436 1393 1485 ἐθέλω-μ’,

124 1491 323 1531 ἂττοντες.
341 1492 433 1531 Non
447 1492 602 1537 addam,
623 1504 723 1542 quae
742 1490 940 1531 Scholiast.
960 1492 1077 1530 Hom.
1096 1502 1212 1544 atque
1226 1492 1395 1533 Eustath.

123 1543 280 1585 habent.
298 1545 447 1585 Rttrz.

181 1603 273 1656 Pag.
292 1603 376 1646 108.
391 1605 416 1642 l.
436 1603 473 1643 6.
492 1601 630 1656 Ἥμῶν)
644 1602 762 1652 Ὕμᾶν
776 1601 850 1642 effe
866 1601 1035 1656 sphalma
1052 1614 1208 1657 typogr.
1225 1603 1393 1658 suspicor

124 1670 173 1698 ex
189 1657 236 1696 P.
259 1671 359 1711 quae
381 1674 445 1698 nos
461 1659 605 1697 dicimus
623 1669 750 1696 tamen
768 1656 940 1696 exhibuit
961 1657 1000 1696 in
1023 1657 1189 1708 Latinis,
1210 1658 1277 1699 etsi
1292 1656 1391 1710 ὑμῶν

125 1711 274 1754 Graece
288 1712 497 1752 exhiberet.
509 1711 656 1751 ΚΕΗ-Ζ.
1448 1710 1452 1712 ’

179 1770 258 1810 ibid.
272 1771 557 1816 Ἀπεβλέπετε,
574 1770 636 1809 καὶ
655 1769 742 1809 τοὺς
759 1770 923 1822 τοίχους
949 1768 1206 1821 ἐθαυμάζετε,
1229 1769 1294 1809 καὶ
1319 1773 1394 1811 τὰς

157 1826 283 1876 ραιφίις
298 1824 524 1878 ἐξητάζετε)
543 1825 644 1864 Male
663 1822 836 1875 profefio
854 1823 1052 1863 Marcilius
1066 1825 1227 1877 corrigit
1239 1830 1395 1873 θαυμα-

124 1838 222 1930 Ξετε·
243 1880 348 1932 quod
367 1892 433 1931 per
458 1877 494 1917 se
507 1908 518 1925 ‚
540 1891 582 1918 ut
601 1879 724 1918 cuivis
740 1877 850 1916 facile
870 1890 1016 1930 pateat,
1035 1879 1283 1930 redarguitur.
1296 1881 1392 1918 Nun

126 1947 192 1972 vos
210 1934 292 1984 ipsi,
307 1935 447 1980 iudices,
464 1933 587 1971 interea
602 1935 679 1971 dum
702 1948 764 1971 nos
781 1933 988 1978 dicebamus,
1005 1935 1054 1970 ad
1063 1932 1393 1985 teHumsuſjvicfeba-

124 1989 185 2034 tis,
194 1988 341 2040 parietes
357 1988 588 2033 tristabamini,
608 1985 821 2039 piHurasque
840 1986 1102 2025 examinabatis.
1122 1985 1230 2025 IENs.

178 2048 252 2087 ead.
270 2047 294 2085 l.
310 2060 346 2096 7.
357 2045 622 2098 Ἐθαιυμέιζετε)
633 2048 874 2095 Θαυμάζετε.
892 2045 1080 2085 MARcu..
1100 2045 1204 2084 Male
1215 2076 1226 2091 ,
1240 2057 1282 2084 ut
1299 2043 1393 2084 Iens.

123 2099 229 2141 reete
242 2099 369 2140 sentit:
387 2113 474 2140 nam
493 2101 691 2153 praeterita
711 2098 929 2151 imperfeeka
949 2099 987 2138 δι
1010 2100 1260 2152 praecedunt,
1283 2099 1322 2138 δι
1339 2098 1394 2138 se-

124 2165 316 2208 quuntur,
332 2155 372 2194 δι
394 2165 522 2194 narrat
534 2185 546 2201 ,
561 2154 652 2206 quid
673 2153 813 2194 faetum
834 2153 901 2201 fit,
920 2152 1082 2205 fierique
1099 2152 1231 2193 soleat.
1247 2152 1391 2192 RHTz.

147 2234 152 2236 ·
179 2213 291 2254 ead.l.
311 2227 370 2262 14.
387 2213 621 2266 spabsscmou)
639 2213 738 2266 Lege
757 2212 977 2266 γράψομαι.
1003 2211 1171 2253 GUYET.
1191 2211 1331 2259 Recte,
1351 2213 1393 2251 &

124 2281 263 2322 parum
278 2268 409 2308 aberat
419 2297 432 2315 ‚
447 2270 541 2322 quin
562 2268 694 2306 invitis
713 2267 794 2306 edd.
811 2267 861 2305 ita
876 2265 1050 2306 dediffem
1063 2298 1076 2316 ,
1087 2267 1171 2306 licet
1183 2265 1293 2306 sciam
1310 2279 1392 2305 aot.

123 2321 314 2363 subiuna.
328 2321 469 2362 habere
483 2324 561 2361 vim
579 2320 712 2360 futuri.
733 2321 874 2360 RErrz.

193 2381 284 2434 Pag.
302 2394 348 2421 10
380 2411 386 2419 .
407 2381 430 2422 l.
451 2396 485 2420 2.
510 2382 734 2434 Σχημέιτων
754 2381 819 2420 καὶ
838 2379 986 2432 τόπου)
1004 2384 1138 2432 Σχημ.
1162 2378 1226 2418 καὶ
1250 2377 1387 2417 τύπου.

125 2434 316 2475 MAch..
343 2395 426 2488 {go
449 2436 486 2474 in
512 2436 631 2475 τόπου
659 2435 741 2475 edd.
772 2433 987 2475 consentire
1022 2434 1162 2481 video,
1190 2444 1315 2485 neque
1343 2444 1392 2471 ex

124 2488 249 2532 Codd.
262 2489 470 2544 quidquam
485 2489 675 2531 varietatis
685 2499 864 2530 notatum
878 2487 1195 2582 reperialngrtrz.

1128 2556 1146 2594 3
