1783 3403
399 154 484 200 IN
533 151 1025 201 FUG1T1vos.
1260 168 1353 219 597

87 261 157 295 ro,
175 247 286 289 cuius
305 246 403 288 inter
419 247 552 288 titulos
576 247 774 300 Tricipitina
789 244 862 296 est,
885 245 932 286 ad
950 245 1047 286 hanc
1060 241 1249 286 Graecam
1274 259 1353 300 ap-

87 302 336 357 pellationem
360 300 572 355 respexerit.
599 301 728 341 stn.

99 395 103 398 .
140 359 216 396 ead.
238 356 262 395 l.
286 368 317 408 ς.
338 358 556 408 Τριφάλλης
582 354 656 396 τῶν
679 353 845 405 κωμικῶν
865 349 937 406 εἷς)
961 352 1000 393 Si
1023 352 1119 395 haec
1141 353 1260 394 verba
1280 353 1351 394 be-

89 422 138 460 ne
157 410 323 457 habent,
346 408 532 462 sequitur,
553 408 791 461 Triphallem
807 406 913 448 fuiffe
931 406 1151 448 Comicum.
1174 408 1244 448 Sed
1259 407 1353 448 nus-

87 476 206 517 quam
231 473 432 516 comparet
457 464 532 503 hoc
556 476 723 503 nornen:
758 469 827 501 nec
852 462 1020 501 hominis
1047 462 1106 501 hic
1127 474 1267 502 nomen
1290 475 1352 502 re·

87 518 265 569 quiritur,
284 516 345 556 sed
364 517 461 557 libri.
486 518 610 557 Porro
627 520 829 569 τριφάλης,
844 530 946 563 mos,
965 514 1116 555 fabulae
1129 515 1352 565 Aristopha-

88 570 200 611 nicae
226 583 369 610 nomen
392 570 566 618 celebre,
587 570 734 623 saepius
756 571 952 609 laudatum
975 570 1205 617 Athenaeo,
1224 569 1352 610 Pollu-

89 624 124 664 ci
138 654 153 674 ,
171 624 264 664 aliis.
287 624 496 676 Τριφάλης,
519 626 701 677 inquam,
727 637 804 664 non
826 623 1055 675 τριφάλλης,
1080 624 1185 676 quod
1207 624 1266 664 hic
1286 636 1353 675 pa·

89 677 182 725 riter
210 678 251 718 δι
275 678 313 717 in
336 677 560 730 quibusdam
587 676 754 718 Pollucis
781 678 886 716 libris
910 676 1087 716 vitiosum
1119 689 1238 730 puto:
1269 677 1353 718 sive

91 731 252 785 capitis,
274 742 343 770 aut
361 733 451 771 coni
477 732 572 772 adeo
596 733 634 771 in
656 731 787 784 galea,
803 731 1002 770 notionem
1018 731 1160 771 tribuas
1181 731 1355 778 themati,

91 797 136 825 ut
162 786 321 838 propius
348 785 394 824 ad
418 789 631 838 τρικάρανον
655 786 829 832 accedat3
856 785 934 823 slve
961 797 1049 824 cum
1073 786 1190 837 phallo
1212 798 1356 837 cogna-

91 847 179 879 tum
195 850 320 892 putes,
337 840 402 892 qui
416 841 528 879 etiam
545 840 671 890 φάλης
685 838 748 878 est.
772 838 832 880 Sic
846 838 973 878 Schol.
987 838 1180 890 Aristoph.
1197 839 1358 892 Lyfistn'

91 905 193 944 772,
214 894 382 945 itemque
401 893 629 937 Eustath2ad
648 891 724 932 Od.
748 897 801 939 A,
821 905 905 946 pag.
928 905 994 943 50,
1019 906 1063 944 52
1078 895 1167 939 ,τὸν
1188 906 1357 941 <pamm

92 946 389 999 interpretantur
412 946 550 987 αἰδοῖον
576 946 721 999 ἁνὸρὸς.
744 947 845 998 Quo
867 945 972 985 sensu
999 946 1220 999 Τριφάλητιι
1242 960 1356 988 acce-

90 1000 191 1051 perit
207 999 497 1053 Aristophanes,
512 1014 534 1040 e
554 1000 774 1053 fragmentis
796 1000 949 1040 fabulae
965 1001 1032 1038 vix
1049 1000 1101 1039 est
1123 1012 1165 1039 ut
1186 1002 1357 1054 colligas.

94 1052 254 1093 Titulus
266 1054 409 1094 Satirae
422 1055 709 1100 Varronianae.
734 1055 780 1094 ab
799 1054 878 1108 ipso
894 1053 993 1093 forte
1019 1053 1274 1106 Aristophane
1295 1068 1358 1094 ac-

92 1119 226 1160 ceptus
242 1136 253 1154 ,
284 1109 330 1147 ad
354 1107 602 1161 posteriorem
624 1111 810 1147 rationem
826 1110 951 1160 magis
975 1107 1124 1148 videtur
1152 1110 1354 1148 accedere:

92 1160 148 1200 est
163 1161 263 1200 enim
284 1162 383 1214 apud
406 1162 508 1201 Non.
527 1162 647 1201 Marc.
674 1175 709 1213 p.
737 1175 823 1214 131,
844 1176 913 1212 29,
929 1161 1079 1214 (Goth.
1098 1176 1141 1208 2,
1156 1162 1265 1216 484.)
1287 1163 1356 1201 du-

94 1214 184 1267 plex
206 1215 340 1255 titulus
360 1217 396 1255 h.
414 1229 462 1254 m.
482 1216 591 1254 Varro
608 1216 784 1267 Tripallo,
803 1214 947 1267 (Goth.
978 1215 1161 1268 Triphalo)
1184 1217 1266 1268 περὶ
1287 1216 1357 1267 &fi-

93 1266 295 1319 ῥενότητος.
323 1269 426 1308 Hinc
443 1270 557 1308 etiam
584 1268 725 1308 lascivo
751 1269 910 1307 carmini
936 1270 1088 1308 reddere
1106 1270 1243 1308 volunt
1259 1269 1358 1310 Scal.

94 1321 135 1360 in
161 1321 282 1373 Priap.
300 1335 382 1375 pag.
405 1335 474 1361 211
492 1353 503 1371 ‚
528 1323 567 1362 &
592 1323 807 1374 Scioppius.
836 1323 924 1361 Hoc
950 1334 1097 1368 manet,
1125 1324 1355 1373 Τριφάλλης,

93 1373 324 1427 ίΤριφέιλης
347 1377 498 1428 potius,
527 1389 606 1415 non
631 1376 684 1415 est
705 1376 777 1415 τῶν
806 1375 979 1425 Κωμικῶν
1008 1372 1070 1415 εἷς.
1093 1374 1293 1428 Superest,
1313 1387 1358 1415 ut

94 1440 161 1467 aut
184 1429 434 1482 intelligamus
457 1429 528 1468 τῶν
551 1429 723 1479 Κωμικῶν
739 1428 861 1483 Λόγων
883 1426 933 1468 εἷς
953 1429 1091 1483 λόγος,
1111 1440 1177 1468 aut
1205 1443 1278 1482 pro
1304 1426 1358 1470 εἷς

94 1481 265 1535 legamus
281 1483 377 1530 ἐστὶ,
397 1483 528 1523 eadem
552 1482 746 1524 sententia.
773 1483 877 1523 Prius
899 1483 937 1522 in
964 1484 1249 1536 interpretando
1271 1484 1356 1523 sum

91 1534 254 1576 secutus.
277 1536 407 1578 stn.

148 1592 220 1629 ead.
234 1592 257 1629 l.
273 1604 309 1638 7.
325 1589 470 1643 HPAK.)
487 1590 640 1630 Nomen
656 1590 834 1631 Herculis
851 1589 1001 1642 reposui
1020 1604 1094 1644 pro
1109 1597 1233 1643 Δραπ.
1249 1590 1356 1644 quod

94 1641 136 1683 in
160 1645 340 1685 omnibus
360 1645 465 1684 libris
487 1644 622 1684 nostris
646 1646 809 1697 reperio.
831 1643 990 1684 SOLAN.

149 1699 224 1736 ead.
241 1699 264 1736 l.
284 1712 342 1738 12.
358 1701 424 1737 Γον
441 1699 666 1752 Ληκυθίωνα)
687 1698 810 1750 Atqui
829 1697 985 1737 fullonis
1010 1699 1267 1739 mercenarius
1289 1708 1358 1743 aut

95 1748 229 1791 servus
250 1751 469 1792 cantharus
490 1765 521 1792 c.
546 1753 619 1801 283
638 1765 733 1805 ergo
755 1765 843 1792 cum
869 1751 1022 1792 Gallico
1046 1753 1270 1804 interprete,
1295 1754 1358 1791 vi·-

96 1816 144 1844 ro
168 1805 608 1859 acutiffim0‚1ggendum
633 1809 697 1846 τὸν
719 1809 789 1856 μὲν
814 1805 985 1857 Κάνθαρεν
1013 1806 1240 1845 ἀποπλύνειν
1265 1821 1303 1846 τ.
1324 1806 1358 1857 ῥ.

96 1871 136 1897 τ.
152 1859 179 1897 ὁ.
194 1863 256 1898 τὸν
269 1865 309 1898 Λ.
323 1859 369 1899 δὲ
385 1860 488 1898 αὐθις
509 1861 546 1899 ἐι.
561 1875 601 1899 τ.
617 1859 640 1898 ἱ.
663 1875 701 1899 τ.
719 1860 758 1899 ὃ.
784 1861 858 1900 &c.
882 1872 953 1899 nec
981 1873 1079 1912 opus
1100 1859 1153 1899 est
1167 1890 1177 1907 ‚
1203 1873 1245 1898 ut
1268 1860 1360 1910 My-

97 1923 246 1963 ropnus
269 1914 508 1958 nominetur,
547 1913 613 1953 nisi
636 1913 802 1953 Codices
827 1913 1005 1954 meliores
1039 1925 1241 1966 praeeant3
1273 1912 1359 1953 satis

95 1967 198 2005 enim
220 1980 287 2019 per
313 1967 376 2006 καὶ
400 1965 530 2006 τοῦτον
551 1968 791 2020 intelligetur.
812 1966 970 2006 SOLAN.

150 2022 223 2058 ead.
240 2022 262 2059 l.
282 2034 340 2074 15.
362 2020 430 2059 Καὶ
453 2020 602 2074 τοῦτον)
627 2024 693 2060 Τὸν
715 2021 902 2071 Κάνθαρον.
922 2021 1090 2061 GUYET.

149 2073 229 2113 ibid.
258 2073 515 2125 Παραέοθνῖνιιι
541 2076 618 2114 τοῖς
640 2074 887 2127 πιττωταῖς)
916 2076 1036 2126 Artigi
1068 2076 1164 2113 hanc
1190 2086 1358 2126 poenam

95 2125 207 2179 supra
227 2128 270 2166 ad
290 2128 409 2167 Mort.
424 2127 573 2181 Peregr.
597 2142 629 2168 c.
647 2144 670 2182 9
683 2159 693 2176 ‚
717 2141 763 2167 ex
778 2129 919 2180 Interp.
934 2128 1127 2181 Aristoph.
1145 2128 1190 2166 ad
1210 2128 1359 2168 Nubes.

97 2180 316 2221 Coniunxit
339 2183 431 2221 haec
453 2184 583 2221 omnia
606 2183 753 2236 Lapith.
781 2196 814 2223 c.
839 2196 908 2236 32,
931 2183 994 2222 καὶ
1020 2183 1280 2232 καταληφθεὶς
1303 2183 1360 2221 τὰ.

96 2234 299 2286 αἴσχιστοι
321 2235 467 2276 ἔπαθες.
489 2237 660 2276 BOURD.

151 2292 225 2327 ead.
244 2291 265 2328 l.
283 2290 342 2329 16.
364 2290 694 2340 Πειρατιλλὸμενος
711 2292 764 2329 τέι
783 2289 935 2343 πρῶται)
951 2288 1279 2342 mapa-cambysu&
1290 2291 1357 2329 ‘rbv

97 2346 271 2394 πρωκτὸν
290 2343 524 2383 admitterem
539 2374 553 2391 ,
572 2344 598 2382 s1
613 2345 698 2397 quis
717 2344 810 2384 liber
832 2346 1004 2397 praeiret.
1033 2344 1105 2384 Sed
1128 2344 1218 2396 quia
1238 2343 1364 2383 lubse-

97 2408 275 2447 quuntut·
300 2397 456 2449 προσέτι
479 2398 518 2437 &
544 2394 630 2437 εἶτα
643 2427 655 2446 ,
679 2398 821 2451 quibus
842 2400 894 2437 τὰ
921 2397 1060 2448 πρῶτοι
1085 2399 1182 2437 bene
1206 2396 1364 2450 respon-

100 2450 184 2500 det,
208 2450 301 2492 nihil
325 2450 498 2493 immuto.
525 2450 708 2493 Ceterum
723 2465 782 2493 res
797 2450 872 2507 ipsa
886 2451 972 2492 satis
989 2464 1095 2491 nota.
1117 2450 1363 2504 Conf.cap.9

995 2505 1114 2559 ΡΜ
