1835 3408
381 109 472 176 543
581 103 1459 156 ANNOTATIONES

376 199 481 241 infit·
508 198 601 240 τότε
631 200 681 240 <93⁷
708 199 774 238 nal
798 196 1018 244 συλληφθεὶς
1044 196 1109 236 ἐπὶ
1134 195 1256 245 τούτῳ
1291 196 1366 235 &c.
1391 195 1511 248 Quae
1538 193 1665 235 verba

377 256 446 307 qui
462 253 699 294 festinantius
721 254 851 305 legunt
865 281 875 298 ‚
895 264 987 290 mox
1003 250 1144 302 aliquid
1160 249 1371 289 desiderant
1385 281 1397 296 ,
1419 251 1466 289 ad
1485 250 1594 302 quod
1618 249 1661 287 il-

377 309 444 348 lud
459 308 524 348 ἐπὶ
538 307 662 356 τούτῳ
678 306 890 352 referatur3
909 303 1019 355 quasi
1033 304 1080 343 de
1103 303 1311 355 Peregrino
1335 302 1483 343 facinus
1504 301 1666 354 aliquod·

377 362 523 415 insigne
545 361 727 401 narraffet
743 389 754 407 ,
778 359 886 412 quod
910 358 1020 397 simul
1042 371 1130 397 cum
1152 358 1232 396 aliis
1257 358 1454 396 nonnullis
1471 358 1537 407 (de
1551 356 1665 396 Chri-

379 416 466 463 sto,
493 427 535 456 ut
557 416 621 456 ille
642 412 868 467 suspicatur)
893 425 914 451 e
941 411 1069 451 medio
1098 410 1143 450 fit
1169 424 1191 449 a
1214 409 1468 463 superstitiose
1499 411 1567 462 piis
1591 410 1662 449 ho-

382 471 548 511 minibus
575 466 1002 509 sublatum.Verumut
1018 477 1100 504 non
1124 464 1280 510 abnuo,
1309 464 1347 502 in
1370 465 1450 504 aliis
1473 463 1668 517 scriptoris

381 526 455 565 bus
486 524 576 563 talia
600 523 649 562 ab
673 523 742 569 iis,
771 532 872 573 quos
896 519 997 565 dixi,
1022 518 1120 558 male
1148 517 1288 557 feriatis
1320 517 1539 557 hominibus
1568 516 1664 557 defi-

383 590 498 633 gnata
510 608 522 624 ‚
542 590 711 630 quorum
728 587 848 628 opera
862 571 1051 626 prorsuse
1073 572 1199 611 medio
1215 571 1458 617 sustulerunt,
1471 582 1537 611 aut
1553 584 1664 611 man-

383 646 441 679 ca,
465 634 587 671 immo
612 631 650 669 δι
668 630 856 682 quaedam
876 627 970 667 dolo
986 625 1092 665 malo
1107 625 1379 673 subfarcinata,
1402 626 1669 678 reliquerunt3-

383 689 437 727 ita
463 687 525 724 hic
551 683 640 724 sane
668 684 765 722 nihil
787 683 864 722 tale
881 691 1074 734 patratum
1099 680 1299 733 pertendo.
1324 679 1424 718 Nam
1441 680 1548 732 quod
1568 678 1668 718 illud=

384 740 451 780 ἐπὶ
474 738 619 787 τούτῳ,
642 738 687 776 ad
703 736 823 776 scelus
844 734 1002 789 aliquod
1016 732 1232 786 Peregrini,
1258 733 1364 784 quod
1389 745 1491 773 nunc
1509 733 1666 773 excide-

384 794 456 840 rit,
482 791 616 831 referri
639 791 804 838 volunt,
826 803 919 829 mox
939 789 1140 828 diluemus.
1157 786 1466 839 Quaestionibus
1485 788 1531 827 de
1554 786 1666 826 Chri-

385 847 513 887 stianis
534 845 714 885 habendis
737 857 817 884 uno
837 857 937 897 opus
956 854 1037 883 erat
1058 841 1134 882 hoc
1157 841 1318 880 crimine
1331 866 1346 887 ,
1363 839 1392 879 si
1410 841 1588 895 Christiani
1601 841 1666 880 de-

385 901 603 947 ferrentur3
629 898 694 938 seu
717 899 826 952 quod
857 899 955 937 adeo
982 895 1233 936 invaluissent
1264 894 1502 940 calumniae,
1527 895 1673 947 quibus

385 954 550 994 nefanda
575 954 697 1006 vulgo
724 952 1021 1004 perhibebantur
1041 951 1140 990 inter
1174 950 1211 990 se
1237 948 1374 989 scelera
1402 961 1578 999 patrare3
1600 948 1667 989 seu

387 1008 492 1061 quod
510 1006 736 1059 religionum
754 1007 896 1059 ubique
912 1016 1153 1058 receptarum
1169 1002 1381 1052 subversio,
1394 1005 1435 1043 δι
1450 1004 1547 1044 adeo
1562 1004 1669 1043 athe-

389 1062 508 1102 ismus
530 1060 624 1100 falso
654 1061 699 1100 iis
724 1060 898 1107 affictus,
931 1060 1065 1099 omnia
1097 1058 1330 1112 exsuperans
1366 1055 1505 1097 scelera
1521 1087 1533 1104 ,
1559 1056 1670 1098 nefas

389 1116 616 1156 habebatur.
628 1114 813 1161 Consule,
835 1113 863 1153 fi
882 1114 1008 1162 lubet,
1027 1113 1075 1152 de
1090 1113 1302 1160 calumnia,
1318 1125 1434 1164 quam
1450 1111 1549 1160 dixi,
1569 1111 1672 1153 Min.

389 1170 568 1210 Felicem.
583 1169 646 1208 De
660 1168 942 1221 quaestionibus
961 1180 1059 1207 vero
1072 1198 1084 1217 ,
1103 1167 1211 1206 Plinii
1229 1165 1417 1219 epistolas.
1434 1166 1518 1206 Ἐπὶ
1542 1166 1674 1214 τούτῳ·

391 1237 490 1277 ergo
513 1223 554 1263 &
578 1224 638 1263 hic
665 1225 701 1262 id
730 1222 852 1262 solum
880 1221 1074 1273 designat,
1098 1222 1205 1274 quod
1234 1220 1348 1273 supra
1385 1221 1503 1268 dixit,
1529 1232 1669 1273 nempe

391 1278 502 1331 quod
516 1276 752 1318 Christianus
770 1276 813 1316 δι
833 1275 1138 1316 Christianorum
1153 1275 1290 1315 ἀοξὶοι·
1306 1275 1461 1314 maximi
1476 1275 1668 1314 nominis:

392 1331 502 1383 quod
525 1344 591 1384 per
613 1330 649 1370 se
673 1331 747 1370 iam
771 1329 960 1383 liquidum
974 1359 988 1375 ‚
1011 1343 1058 1369 ex
1080 1330 1287 1369 abundanti
1311 1339 1439 1368 tamen
1456 1329 1561 1368 lubet
1575 1341 1671 1368 con-

394 1385 548 1425 firmare
571 1397 618 1424 ex
647 1383 914 1436 sequentibus;
933 1382 1098 1422 dimiffus
1128 1384 1231 1423 enim
1256 1396 1279 1422 a
1303 1382 1442 1434 Syriae
1466 1381 1670 1423 Praefefko

392 1439 619 1491 Peregrinus
634 1438 784 1485 dicitur,
801 1439 944 1491 quippe
962 1438 1025 1477 cui
1049 1437 1141 1476 nihil
1159 1437 1259 1477 aliud
1272 1467 1283 1485 ,
1305 1449 1421 1489 quam
1442 1438 1547 1490 quod
1561 1437 1673 1477 Chri·

393 1491 537 1531 stianus
550 1491 640 1532 effet
654 1522 664 1537 ‚
687 1492 837 1532 crimini
861 1504 954 1531 tunc
980 1492 1110 1531 datum
1126 1490 1191 1531 est.
1215 1491 1372 1531 SOLAN.
1396 1491 1487 1530 Non
1506 1501 1672 1544 apparet

394 1546 487 1585 mihi
513 1547 575 1585 hic
597 1546 760 1586 lacunae
782 1546 978 1586 indicium.
1000 1545 1190 1585 Particula
1202 1542 1293 1599 γοῦν
1317 1546 1524 1585 commode
1550 1544 1672 1585 lecto-

394 1613 478 1638 rem
503 1610 665 1639 revocat
689 1613 711 1639 a
732 1600 939 1652 Peregrino
963 1599 1009 1639 ad
1034 1612 1104 1648 ea,
1123 1613 1224 1652 quae
1237 1599 1284 1639 de
1297 1598 1522 1639 Christianis
1544 1599 1671 1640 dicere

394 1653 589 1693 Lucianus
613 1653 752 1693 voluit.
781 1654 828 1693 Et
851 1655 942 1706 quid
967 1663 1146 1707 poterant
1167 1653 1321 1693 eradere
1345 1653 1523 1693 homines
1549 1654 1670 1706 magis

393 1707 718 1748 contumeliosum
743 1708 828 1754 his,
851 1721 953 1760 quae
982 1708 1105 1747 adhuc
1130 1706 1322 1761 legimus?
1345 1706 1532 1747 Ceterum
1563 1709 1670 1748 vide-

394 1763 492 1810 rint,
507 1762 575 1814 qui
602 1761 778 1814 poss'unt,
805 1775 852 1801 an
873 1775 955 1802 non
968 1762 1099 1816 μέγαν
1125 1762 1184 1801 hic
1207 1762 1349 1801 dederit
1366 1762 1559 1811 Lucianus
1574 1793 1587 1810 ,
1606 1761 1670 1802 sed

394 1814 543 1869 μίσγον,
558 1816 829 1868 pervulgatum
846 1817 1004 1864 crimen,
1019 1829 1041 1855 a
1055 1816 1206 1856 Iudaeis
1219 1827 1364 1860 ortum,
1385 1827 1427 1855 ut
1440 1817 1523 1856 alia.
1540 1814 1671 1857 GEsN.

451 1873 524 1908 ead.
540 1870 563 1908 l.
577 1869 613 1909 8.
628 1869 673 1908 Oi
689 1870 902 1922 Χριστιανοὶ
917 1872 1113 1922 συμφορὰν
1132 1885 1213 1910 ποι.
1229 1873 1274 1910 τὶ)
1289 1870 1371 1923 πρ.)
1394 1870 1528 1922 Quam
1543 1870 1672 1910 obser-

395 1935 533 1964 vantes
560 1922 700 1963 fuerint
721 1925 937 1977 praecepti,
961 1925 1067 1974 quod
1088 1923 1267 1977 Apostol.
1291 1925 1336 1962 ad
1362 1925 1480 1964 Hebr.
1497 1924 1672 1978 X111,3,

395 1978 551 2024 verbis,
569 1978 835 2027 μιμνήσκεο-δε
861 1977 931 2018 τῶν
961 1978 1140 2028 δεσμίων,
1161 1976 1209 2017 ὧς
1231 1977 1496 2028 συνέεὲεμένοι
1512 2008 1525 2027 ,
1543 1979 1643 2018 dedit
1656 2009 1670 2026 ,

396 2031 695 2071 luculentiffimo
713 2032 773 2070 hic
787 2032 1001 2072 Lucianum
1020 2033 1210 2072 declarare
1226 2031 1446 2072 testimonio
1459 2062 1470 2080 ,
1489 2044 1622 2073 monet
1637 2033 1668 2073 Ι.

396 2085 496 2125 Elsn.
523 2087 561 2125 in
584 2085 676 2126 Obs.
696 2085 831 2125 Philol.
856 2087 904 2126 ad
924 2087 961 2126 h.
985 2086 1009 2125 1.
1033 2087 1084 2126 N.
1108 2087 1157 2126 T.
1181 2086 1328 2126 Confer
1349 2087 1392 2127 δι
1414 2099 1498 2140 cap.
1524 2087 1570 2128 16
1593 2087 1670 2127 hu·

396 2139 458 2178 ius
481 2141 720 2180 narrationis.
751 2140 899 2180 Rmz.

451 2196 524 2231 ead.
551 2194 577 2233 l.
601 2209 638 2246 9.
665 2194 804 2233 Πέιντοι
826 2194 993 2248 ἐκίνουν)
1021 2194 1190 2235 Subaudi
1214 2195 1331 2235 λίθον.
1362 2194 1531 2235 GUYET.
1566 2195 1669 2236 Nam

397 2246 538 2286 πάντα
562 2247 654 2287 λίθον
676 2249 716 2286 δι
738 2250 872 2297 πέτρον
896 2250 985 2289 κίνει
1002 2249 1074 2288 effe
1091 2249 1274 2300 proverb.
1296 2261 1319 2287 a
1334 2248 1494 2289 Graecis
1511 2261 1668 2297 ortum,

397 2300 476 2339 vid.
503 2302 541 2339 in
562 2301 706 2340 Erasmi
728 2302 888 2342 Chiliad.
910 2316 994 2355 pag.
1023 2317 1108 2342 120.
1133 2303 1203 2342 Sed
1223 2303 1264 2342 δι
1284 2302 1392 2342 κινεῖν
1420 2316 1495 2356 pro
1517 2303 1665 2351 moliri,

397 2364 571 2400 tentare,
598 2356 635 2394 in
658 2356 737 2394 aliis
762 2356 1028 2396 locutionibus
1051 2356 1233 2396 ufitatum
1249 2387 1260 2402 ‚
1288 2367 1332 2395 ut
1357 2357 1470 2397 κινεῖν
1497 2357 1640 2411 τέχνην
1656 2386 1670 2406 ,

396 2420 500 2449 artem
522 2409 698 2460 adhibere,
715 2410 914 2464 Aphthon.
938 2411 967 2450 F
971 2412 1031 2452 ab.
1050 2426 1087 2462 4.
1105 2411 1180 2453 Pro
1200 2413 1374 2451 admonere
1393 2410 1534 2452 Noster
1556 2410 1665 2453 Afin.

1800 3222 1807 3265 Σ
