1783 3403
292 248 361 296 IN
395 250 726 299 NAVIGIUM
762 251 876 301 SEU
910 256 955 302 V
961 255 1106 303 OTA.
1243 275 1327 327 513

68 330 134 427 Pii
153 347 287 376 omnes
306 337 562 377 consentiant:
584 337 712 377 forsan
731 338 796 389 ἐμὲ
811 342 875 378 καὶ
891 342 998 394 σέγε,
1012 343 1073 382 vel
1094 343 1210 385 simile
1225 350 1331 398 quid,

87 391 252 442 criptum
275 390 401 430 fuerat
419 422 430 438 ‚
454 392 494 430 &
520 392 589 442 πρὸ
613 391 703 438 τοῦ,
731 406 803 445 pro
826 396 933 445 παρὰ
954 396 1009 434 τὸ.
1037 396 1194 437 SOLAN.
1224 401 1334 441 Nihil

69 443 160 482 mihi
184 456 408 497 corruptum
435 445 646 484 videbatur.
671 446 732 484 Ad
759 447 920 486 verbum
936 477 949 493 ,
977 449 1026 486 Tu
1053 466 1087 488 es
1106 457 1203 503 apud
1217 454 1333 504 firm-

68 497 148 536 dam
160 498 382 550 stamiriam,
400 499 421 536 i.
445 510 479 536 e.
501 509 612 537 tuum
630 498 684 538 est
706 500 781 538 iam
807 500 905 540 ferre
927 502 1161 542 sententiam.
1183 505 1220 544 Si
1241 509 1331 558 quid

69 551 294 591 mutandum
322 551 388 600 stt,
411 550 525 603 poffis
546 553 609 590 καὶ
628 553 685 591 σοὶ
708 554 815 604 πάρα
835 558 877 591 τὶν
902 555 1110 603 φανεῖσθαι
1134 560 1201 597 τὴν
1226 562 1333 612 γνώ-

65 619 140 654 μην
154 635 166 651 ,
184 606 243 644 tihi
263 607 370 658 adest,
390 606 436 644 ad
455 616 493 645 te
516 607 623 645 venit
644 607 743 646 ordo
765 607 841 646 διε.
860 620 931 648 nec
951 612 996 648 τὸ
1014 611 1097 662 περὶ
1121 613 1332 654 damnave-

69 658 152 697 rim.
177 659 308 699 stN.

122 714 197 751 ead.
214 714 238 752 l.
264 722 301 761 7.
329 712 397 750 Ka}
418 711 549 765 gome)
574 712 741 752 Subaudi
766 712 893 765 ὃρᾶτε,
922 715 1125 764 σκοπεῖτε,
1152 718 1192 758 δι
1220 717 1330 759 fimil.

71 763 242 806 GuYtT.
264 766 445 818 Exempla
462 767 537 804 vid.
558 767 658 817 apud
678 767 721 806 L.
743 766 823 807 Bos
846 769 892 807 de
913 768 1036 822 Ellips.
1058 785 1095 809 v.
1116 776 1332 817 ΣΚΟΠΕΙΝ.

68 819 179 859 Adde
193 819 292 859 infra
307 832 388 871 cap.
404 833 466 869 4¹·
484 820 631 860 RmTz.

122 873 214 925 Pag.
235 873 320 912 188.
343 875 365 912 l.
383 886 440 911 12.
456 872 732 927 Προκοιλεῖτειι)
751 873 928 915 Genuina
952 875 1045 915 haec
1066 877 1194 928 leffio,
1213 894 1331 934 quam

68 939 119 976 ex
139 926 211 966 Ms.
235 926 315 967 Ox.
333 927 373 965 δι
400 930 483 966 Vm.
507 942 540 966 2.
563 928 767 976 habemus,
794 930 950 981 vulgata
973 933 1249 980 προσ-καλεῖται
1273 937 1333 980 n't·,

71 980 138 1019 bili
163 981 230 1021 est.
253 981 412 1020 somn.

126 1034 219 1087 Pag.
240 1035 322 1087 189.
337 1036 360 1073 l.
373 1036 408 1074 6.
431 1035 741 1087 Πρεσκυνέτωσοιν
760 1031 875 1087 ἦμῖν)
902 1041 1212 1087 Προσκυνὲτωσαι
1231 1038 1331 1091 ὑμῖν,

70 1086 258 1128 MARcu..
292 1094 628 1140 Προσκυνειτωσαν·
661 1086 760 1137 ὑμῶν
777 1088 792 1141 )
828 1089 991 1129 Marcilii
1021 1095 1330 1136 emendationem

69 1144 235 1182 omnino
264 1142 504 1182 necessariam
534 1143 592 1181 hic
615 1142 846 1194 amplefilor:
871 1156 985 1182 nemo
1008 1147 1106 1184 enim
1134 1148 1243 1187 dandi
1267 1164 1331 1190 ca-

69 1194 151 1235 sum
174 1209 262 1236 cum
286 1197 410 1236 verbo
433 1198 644 1248 προσκυνέω
667 1196 914 1236 coniunctum
939 1210 1005 1236 aut
1027 1202 1125 1250 apud
1144 1202 1247 1242 hunc
1262 1205 1331 1243 ali-

71 1249 109 1288 bi
123 1281 134 1297 ,
149 1262 214 1290 aut
229 1252 326 1304 apud
343 1251 459 1289 ullum
483 1249 700 1302 scriptorem
717 1250 909 1290 Graecum
925 1251 1105 1292 ostendat.
1123 1254 1192 1296 Sed
1214 1255 1329 1306 ὑμῶν,

70 1311 150 1343 non
165 1302 265 1356 ὑμῖν,
285 1303 450 1358 postulat
466 1302 576 1356 ἄρξω·
597 1305 716 1343 moris
731 1315 858 1343 autem
871 1335 883 1351 ,
903 1318 1016 1366 quem
1031 1309 1174 1360 tangit.
1190 1310 1331 1351 illustre

71 1356 188 1398 habes
205 1360 306 1413 apud
327 1359 628 1411 Xenophontem
651 1358 889 1409 exemplum,
914 1360 1018 1411 quod
1044 1362 1120 1400 vid.
1143 1363 1263 1409 Ἀναβ.
1285 1364 1329 1411 I,

69 1424 157 1464 pag.
179 1425 278 1464 154,
303 1426 358 1458 17.
380 1411 536 1452 SOLAN.
558 1411 754 1464 Relinquo
768 1411 942 1452 Marcilio
959 1413 1067 1452 suum
1086 1419 1334 1466 προσκυνέτω-

70 1479 158 1510 σαν,
177 1466 244 1506 etsi
260 1467 581 1515 προσκυνείτωσαν
603 1464 728 1504 forsan
749 1466 839 1504 dare
859 1466 986 1505 voluit
1001 1494 1012 1514 ‚
1040 1481 1111 1519 pro
1131 1482 1203 1515 eo,
1222 1472 1329 1523 quod

69 1520 178 1559 aliter
191 1521 327 1560 alicubi
342 1519 463 1573 script.
486 1520 646 1558 invenit.
669 1519 709 1557 ln
725 1518 808 1570 ὑμῖν
830 1532 956 1559 autem
974 1534 1045 1574 pro
1059 1519 1140 1572 ἡμῖν
1161 1524 1196 1562 ei
1210 1523 1331 1564 assen-

68 1574 160 1621 tior,
178 1575 296 1614 modo
310 1571 408 1622 ὑμῶν
431 1572 594 1612 dediffet.
611 1573 756 1612 Rmz.

126 1631 201 1667 ead.
215 1629 239 1667 l.
254 1638 291 1678 7.
308 1629 419 1666 Κατὰ
432 1629 497 1666 τὸν
511 1624 687 1667 Ἑλλήνων
707 1627 828 1680 νόμον)
843 1626 1107 1680 Oppofitionis
1125 1631 1224 1671 ratio
1241 1632 1333 1671 sua-

70 1681 156 1730 det,
179 1681 318 1735 aliquid
339 1682 400 1720 hic
422 1680 618 1728 omiffum3
641 1679 742 1720 forte
761 1682 868 1733 quod
883 1682 1003 1720 nollet
1016 1682 1195 1723 librarius
1205 1683 1331 1726 ‘Emi-

71 1749 137 1774 mr
154 1735 212 1775 bis
230 1739 388 1788 poneret
408 1735 509 1783 Nam
530 1735 582 1774 ita
600 1734 737 1774 censeo
757 1734 890 1774 dedisse
911 1735 1120 1776 Lucianum
1133 1731 1330 1787 ,Ἑλλήνων

72 1788 118 1828 δὲ
134 1791 243 1828 κατὰ
257 1793 321 1829 τὸν
333 1785 507 1828 ‘emmau
525 1790 628 1837 νόμον
653 1788 765 1840 αρξω.
788 1788 915 1829 GESN.

128 1845 202 1882 ead.
222 1844 246 1882 l.
264 1857 323 1883 10.
342 1840 391 1881 Αἳ
405 1842 476 1896 ἂν)
498 1842 572 1882 Etsi
593 1842 734 1894 aliquis
750 1842 875 1883 sensus
896 1842 988 1882 inest
1006 1842 1206 1897 vulgatae,
1230 1860 1331 1887 con-

72 1896 162 1936 ficio
179 1907 309 1937 tamen
326 1896 374 1935 ai*
389 1896 602 1936 delendum.
627 1896 769 1935 Rmz.

124 1953 200 1990 ead.
214 1951 238 1990 l.
257 1964 316 1990 11.
342 1950 662 2003 Μετελεὺσομαι)
685 1951 810 2003 Negat
833 1950 970 1990 Pollux
988 1951 1026 1990 in
1047 1948 1148 2002 ἶν’κω,
1172 1952 1331 1994 ἐλεύσο-

70 2019 146 2053 μοιι
161 2005 233 2044 dici
246 2030 258 2052 ,
276 2004 382 2057 quod
397 2015 522 2044 tamen
539 2004 651 2043 habet
666 2003 785 2044 Dion.
800 2005 922 2044 Halic.
946 2005 1036 2044 Ant.
1055 2005 1106 2045 ΙΙΙ
1118 2037 1130 2052 ,
1155 2020 1235 2059 pag.
1258 2022 1271 2046 1
1285 2021 1326 2061 51

75 2057 103 2097 f.
126 2059 243 2098 Hom.
274 2058 317 2098 11.
341 2059 395 2106 Θ,
424 2071 495 2106 12,
519 2057 559 2097 &
579 2058 677 2097 alibi.
699 2058 1022 2110 &compositum
1050 2059 1331 2112 μετελεύσομαι

73 2112 190 2152 eriam
210 2111 350 2153 Noster
373 2123 454 2150 non
485 2111 621 2159 semel,
648 2121 690 2151 ut
712 2110 838 2151 forsan
862 2113 1006 2164 patebit
1027 2125 1075 2152 ex
1106 2113 1256 2158 Indice,
1284 2128 1335 2155 ne

74 2166 175 2206 alios
187 2166 343 2213 addam,
358 2166 449 2217 quia
468 2178 584 2205 nemo
603 2176 717 2218 negat
729 2195 743 2212 ,
758 2166 863 2217 quod
888 2165 1010 2205 sciam.
1036 2165 1107 2205 Sed
1126 2168 1334 2207 ἀπελεύσο-

72 2235 146 2269 μαι
167 2231 283 2273 negat
302 2220 416 2259 etiam
436 2218 513 2259 Th.
536 2220 640 2272 Mag.
662 2233 702 2259 v.
724 2220 936 2267 ΑΠΕῙΣΙΝ,
958 2220 1158 2274 aliquanto
1176 2221 1335 2264 meliore

76 2275 185 2321 iure3
203 2275 280 2314 vid.
295 2273 441 2313 Hemst.
451 2271 503 2312 T.
519 2273 559 2320 1,
574 2287 611 2326 p.
629 2272 697 2312 181
718 2272 770 2324 sq.
786 2273 932 2312 Rmz.

129 2329 204 2366 ead.
218 2327 244 2366 Ῑ.
264 2326 573 2379 16.Ἐιιο·τοίδ“ιος)
591 2329 708 2366 Extra
719 2328 834 2380 stadia
850 2340 911 2366 rua
928 2328 997 2367 iam
1016 2343 1066 2374 es,
1075 2329 1187 2380 stadia
1207 2331 1334 2378 imperii

77 2383 129 2421 tui
146 2385 281 2435 peraeta
297 2380 394 2433 fiant.
413 2381 519 2420 Male
537 2381 721 2433 interpres
745 2394 831 2421 cum
859 2380 1091 2432 ἐξοιστάὃιος
1111 2380 1334 2433 confundit2

71 2436 138 2488 sex
147 2437 332 2489 stadiorum
347 2446 512 2474 vertens.
528 2434 697 2476 GUYET.
716 2434 816 2488 Lege
835 2438 1018 2484 omnino,
1038 2436 1095 2474 uti
1115 2436 1173 2476 edi
1185 2439 1338 2477 curavi·

78 2501 165 2529 mus
179 2519 192 2535 ,
213 2487 431 2536 ἐκστάδιος,
449 2488 506 2527 uti
523 2489 624 2528 reete
645 2488 821 2528 scribitur
839 2489 878 2527 in
903 2490 983 2527 Ven.
1002 2503 1035 2526 2.
1055 2488 1101 2527 B.
1120 2503 1155 2529 1.
1180 2491 1217 2529 δι
1238 2505 1272 2530 2.
1295 2492 1337 2531 &

80 2543 129 2584 P.
142 2554 184 2583 ut
203 2540 422 2587 ἔκσπονδος,
435 2541 680 2596 ἐκπρόθεσμος
698 2543 771 2585 δίς.
791 2541 837 2583 ln
849 2543 890 2583 L.
903 2542 1030 2584 Schol.
1050 2541 1091 2582 δι
1109 2543 1161 2584 Fl.
1176 2542 1335 2598 ἒξστ-ι.

155 2597 300 2639 Luciam.
324 2597 403 2637 Vol.
424 2596 524 2637 VIII.
1020 2596 1058 2634 K
1072 2595 1098 2635 k
