1835 3408
432 92 519 156 5&
623 87 1492 137 ANNOTATIONES

427 181 468 219 in
487 191 639 220 remoto
654 180 785 232 aliquo
800 179 893 219 saltu
904 207 915 226 ‚
931 191 974 218 ut
995 179 1090 218 infra
1107 179 1203 218 dicet
1217 179 1432 218 Lucianus?
1458 177 1571 230 Quid
1584 176 1686 218 enlm

428 235 528 273 aliud
548 233 636 273 facit
652 234 876 286 Peregrinus
889 263 899 280 ‚
914 246 1029 284 quam
1043 235 1107 286 qui
1125 233 1316 272 theatrum
1330 232 1543 272 conscendit
1555 262 1567 282 ,
1583 244 1628 271 ut
1640 233 1689 271 ab

428 288 608 327 omnibus
624 286 823 327 videatur?
846 286 1002 325 FABER.
1239 299 1241 303 ¹
1668 315 1670 317 .

482 344 555 380 ead.
573 342 597 379 l.
616 341 672 379 18.
688 342 756 379 Καὶ
773 342 878 378 κατὰ,
890 338 1023 391 τοῦτο)
1047 338 1129 377 Hoc
1144 341 1262 386 modo,
1277 338 1413 390 interp.
1427 336 1571 384 Nescit,
1593 337 1687 389 quid

427 393 486 433 stt.
512 394 660 434 Gallice
679 395 822 432 diceres
834 424 846 441 ‚
863 393 897 431 δ’
912 409 950 432 en
971 404 1051 432 cette
1069 393 1196 445 qualite'
1213 393 1241 429 il
1263 394 1373 431 devoit
1391 394 1455 430 ἐτι-ε
1474 392 1566 429 brule'
1585 392 1650 442 ily
1664 406 1688 428 a

430 450 512 499 long
528 459 644 501 temps.
670 447 809 486 Sensus
832 446 904 486 est:
931 445 1103 485 Cremari
1123 445 1287 484 debuiffe
1313 444 1577 497 Peregrinum,
1605 456 1688 483 non

429 501 566 553 sponte
580 505 619 541 δι
635 501 736 540 ultro
757 502 793 538 in
808 500 978 538 flammas
993 498 1232 544 insilientem,
1246 498 1333 537 falsa
1347 499 1509 550 quadam
1524 496 1690 549 philoso-

429 556 561 606 phicae
576 556 710 593 mortis
725 555 953 598 imitatione,
968 553 1027 592 sed
1042 565 1146 592 unco
1159 552 1256 591 trahi
1267 553 1306 591 in
1321 553 1464 605 ignem,
1474 561 1518 590 ut
1529 550 1688 604 impium

430 610 470 647 in
487 608 596 648 Deos
608 608 698 647 &in
715 618 922 660 parentem.
943 606 1096 645 FABER.

482 663 571 713 Pag.
590 660 678 700 288.
697 662 721 699 l.
739 674 772 699 2.
796 659 982 712 Χανόιιτοι)
1004 661 1121 699 Hom.
1141 655 1282 710 Odyff.
1306 662 1342 696 M
1356 688 1369 705 ‚
1388 671 1475 712 350³
1503 657 1663 699 SOLAN.

483 720 556 753 cad.
570 715 593 752 l.
604 730 640 763 4.
654 713 864 766 Ὀξὺτερος)
879 713 1115 766 Corruptam
1129 725 1268 752 vocem
1285 713 1424 762 opinor
1436 725 1447 760 ·‚
1461 711 1588 750 forsan
1601 711 1690 751 scri·

431 767 541 821 pserit
556 768 785 821 ταχύτερος,
800 768 888 806 vide
901 773 1024 818 Δρωπ.
1042 780 1076 806 c.
1092 768 1155 805 22'.
1180 767 1279 805 Nam
1294 767 1402 819 ὀξέως
1416 765 1567 818 quidem
1581 765 1690 805 usur-

426 834 523 874 pant
545 824 583 860 de
601 836 741 871 tempore
753 850 764 867 ,
784 819 869 865 ὀξὺς
886 833 982 860 vero
999 833 1087 859 raro
1105 829 1171 859 aut
1192 832 1388 872 nunquam
1407 819 1518 871 probi
1531 818 1694 872 scripto·-

399 877 405 881 “
432 889 505 915 res.
520 876 617 915 Vide
630 886 756 913 tamen
777 879 858 926 Nep.
873 887 956 926 cap.
975 887 1005 926 5.
1025 873 1096 913 Sed
1108 873 1250 926 &quid
1272 872 1374 925 ὀξεῖα
1394 871 1501 914 »isam
1514 871 1582 911 fibi
1598 874 1690 913 velit

430 929 540 981 Ἐροτ.
555 942 586 968 c.
600 944 621 968 2
631 942 663 978 5,
677 939 882 967 memento.
899 927 1056 967 SOLAN.
1076 928 1166 967 Non
1179 940 1278 980 opus
1293 928 1363 966 erit
1377 925 1553 978 ὠκύτερος
1567 939 1692 966 emen·

431 984 545 1031 dare;
560 982 875 1035 'quandoquidem
892 981 976 1033 ὀξὺς
991 982 1220 1021 celeritatem
1233 979 1441 1034 saepiffime
1463 992 1598 1019 notare
1619 993 1690 1020 no-

431 1038 561 1076 vimus
572 1048 718 1076 omnes.
736 1036 922 1088 Hippocr.
934 1036 1083 1088 Aphor.
1097 1035 1138 1084 1,
1157 1048 1190 1083 ι,
1205 1035 1220 1073 ὃ
1237 1034 1282 1074 se
1295 1037 1418 1086 καιρδς
1432 1032 1526 1085 ὀξύς.
1551 1034 1691 1074 Noster

433 1091 572 1130 Amor.
585 1104 618 1130 c.
632 1103 676 1141 25
691 1118 703 1135 ,
717 1089 821 1141 ὀξεῖα
834 1091 912 1142 γὰρ
924 1086 1031 1130 Mevia
1052 1087 1301 1141 παραπτᾶσα
1319 1087 1450 1138 φθάνει
1464 1089 1546 1139 πρὶν
1562 1088 1691 1142 ὒγνω-

433 1143 582 1192 σθῆναι,
600 1145 841 1193 πεπαυμένη.
861 1144 921 1182 Ne
934 1143 1057 1195 plura,
1077 1144 1116 1182 in
1137 1155 1191 1189 re,
1206 1143 1313 1182 cuius
1324 1142 1498 1194 exempla
1511 1141 1582 1180 ὅσοι
1593 1143 1691 1183 κόνις

433 1198 545 1237 nobis
559 1198 692 1237 obvia.
706 1198 760 1236 At
781 1195 910 1236 forsan
922 1198 1010 1249 quia
1025 1198 1065 1236 δι
1079 1197 1191 1236 dolor
1208 1196 1293 1248 ὀξὺς
1306 1207 1428 1235 acutus
1439 1194 1596 1236 Graecis
1607 1196 1695 1236 dici·

433 1262 511 1299 tur,
532 1253 553 1290 i.
568 1264 601 1290 e.
613 1253 805 1297 vehemens,
828 1251 914 1290 ideo
929 1249 1020 1290 ὠκὺς
1036 1251 1097 1291 hic
1112 1251 1332 1304 praetulerit
1347 1250 1480 1302 aliquis
1490 1261 1558 1298 ,eut
1573 1250 1694 1289 ambi-

433 1318 554 1357 guum
574 1305 729 1344 vitetur.
754 1304 827 1344 Sed
839 1304 929 1343 nihil
947 1317 1047 1357 opus
1061 1305 1115 1344 est
1126 1335 1139 1351 ,
1157 1318 1244 1344 cum
1259 1304 1359 1357 seqq.
1376 1303 1461 1343 satis
1477 1303 1693 1353 declarent,

433 1361 478 1398 de
494 1358 683 1398 celeritate
697 1357 912 1398 sermonem
927 1358 1012 1397 esse.
1032 1358 1178 1398 Rmrz.

425 1450 433 1458 ,
487 1415 561 1450 ead.
576 1412 599 1450 l.
614 1411 649 1452 8.
662 1411 774 1450 ’Ἐνθοι
792 1412 893 1461 μηδὲ
913 1411 1079 1452 δάπτειν
1091 1411 1214 1464 ὅσιον)
1238 1411 1370 1450 Itidem
1388 1410 1480 1451 olim
1495 1411 1596 1463 apud
1609 1410 1693 1451 De-

431 1465 511 1504 lum
533 1465 673 1504 factum
689 1466 917 1516 accepimus.
934 1466 1181 1517 Thucydides
1193 1465 1257 1504 lib.
1272 1465 1338 1504 111.
1351 1466 1380 1504 F
1382 1475 1503 1504 ABER.
1520 1465 1617 1505 Duo
1628 1465 1693 1505 hic

432 1518 563 1558 sedulo
581 1518 841 1559 observanda:
864 1532 996 1571 agrum
1013 1518 1270 1572 Olympicum
1289 1519 1433 1559 sacrum
1459 1518 1586 1567 fuiss'e3
1612 1520 1690 1559 vicli

432 1572 588 1612 Pausan.
604 1586 693 1620 202,
712 1585 744 1624 5,
758 1574 822 1612 ubi
834 1573 1060 1613 nominatim
1081 1574 1132 1612 ibi
1146 1574 1254 1613 locus
1266 1575 1418 1626 quidam
1433 1572 1522 1625 ἱερὸς
1533 1573 1690 1621 dicitur;

434 1627 478 1673 2)
499 1639 578 1664 non
594 1626 733 1666 licuiffe
754 1627 827 1666 illic
841 1640 1076 1680 quemquam
1095 1627 1260 1681 sepelire.
1275 1627 1396 1667 Clem.
1411 1626 1691 1668 Alexandrinus

433 1693 470 1731 p.
491 1679 536 1718 18
548 1680 592 1719 C.
609 1681 781 1732 pluribus
801 1681 988 1730 ostendit,
1013 1681 1132 1721 multa
1146 1681 1288 1734 templa
1301 1680 1470 1733 sepulcra
1496 1679 1608 1721 fuiffe
1631 1682 1689 1722 vi-

432 1746 564 1772 rorum
585 1734 797 1786 insignium.
822 1734 981 1774 SOLAN.
1668 1749 1684 1759 ”

485 1792 559 1826 ead.
573 1789 596 1825 ί.
611 1802 645 1840 9.
668 1789 819 1837 Πάλαι)
839 1789 1009 1828 Historia
1024 1799 1139 1836 nota3
1163 1800 1314 1841 tempus
1328 1788 1444 1827 etiam
1457 1798 1613 1828 notum:
1637 1801 1689 1829 eo

431 1841 530 1879 enim
548 1840 627 1893 ipso
640 1842 696 1881 die
708 1872 717 1887 ‚
735 1855 816 1894 quo
828 1842 1045 1882 Alexander
1063 1844 1230 1895 Magnus
1243 1856 1354 1882 natus
1368 1842 1421 1882 est
1431 1873 1444 1892 ‚
1458 1842 1690 1896 conflagras-

430 1894 468 1934 se
480 1895 556 1934 hoc
567 1895 670 1935 orbis
682 1896 910 1936 miraculum
931 1898 1101 1937 traditur.
1125 1898 1286 1936 SOLAN.
1554 1930 1557 1933 ,
1681 1923 1685 1930 ,

483 1950 564 1988 ibid.
580 1953 643 1988 Τις
660 1948 805 2001 ἕνὲοξος
819 1951 1023 2004 γενέσὲῑοιι)
1040 1951 1310 1990 Herostratum
1321 1949 1445 1989 innuit
1457 1980 1467 1997 ‚
1489 1949 1602 1989 cuius
1615 1961 1687 1990 no-

428 2015 519 2043 men
531 2002 730 2043 oblivione
740 2004 863 2044 fuisset
874 2006 1074 2052 obrutum,
1092 2004 1159 2044 nisi
1168 2005 1453 2057 Theopompus
1465 2004 1503 2043 in
1517 2003 1688 2044 historias

427 2056 516 2096 suas
530 2056 621 2096 illud
636 2057 828 2098 retuliffet.
843 2057 996 2098 Strabo.
1012 2059 1104 2098 Plin.
1123 2058 1248 2111 Agell.
1267 2059 1296 2097 F
1299 2069 1422 2097 ABER.
1446 2061 1453 2067 ”
1470 2081 1472 2083 -
1668 2075 1682 2097 .'

481 2111 666 2157 ead.l.;12.
690 2110 871 2151 Τοσοῦτος
895 2112 978 2165 ἔρως
997 2112 1063 2153 τῆς
1085 2112 1200 2164 ἓόξης
1223 2112 1417 2152 ἐντέτηκεν
1435 2106 1563 2164 αὐτῷ)
1584 2111 1685 2150 Adeo

427 2165 626 2215 inexpiabili
638 2181 748 2204 amore
759 2167 884 2219 gloriae
902 2168 1083 2206 tenebatur.
1104 2166 1360 2219 Interpolator
1375 2163 1539 2217 peflime.
1562 2164 1687 2204 Retu-

425 2216 468 2255 lit
482 2218 581 2256 enim
601 2219 647 2258 ad
671 2220 961 2267 Herostratum‚
985 2221 1090 2274 quod
1111 2221 1156 2260 de
1171 2220 1378 2271 Peregrino
1392 2220 1537 2258 dixerat
1551 2218 1685 2258 Lucia-

426 2283 512 2309 nus.
529 2270 629 2310 Dein
642 2302 652 2320 ‚
666 2274 770 2325 quod
782 2274 980 2327 inexpiabili
993 2289 1106 2314 amore
1125 2275 1233 2322 dixit,
1248 2272 1343 2326 fugit
1359 2273 1466 2312 illum
1479 2271 1598 2320 rati03
1623 2273 1686 2312 de-

424 2324 508 2362 buit
523 2325 625 2364 enim
644 2326 834 2379 inexplebili
852 2329 987 2369 dicere.
1012 2329 1162 2368 verum
1183 2327 1368 2380 imperitis
1390 2326 1686 2378 Lexicographis

423 2378 590 2428 credidit,
601 2378 642 2420 &
654 2380 904 2434 interpretem
912 2383 1096 2436 corrupit.
1109 2382 1230 2423 Verte
1243 2394 1252 2421 :
1273 2383 1405 2421 Tamus
1416 2380 1445 2419 ei
1455 2380 1582 2434 gloriae
1592 2392 1687 2421 amor.

1810 1949 1823 2031 εξ

1807 2034 1822 2173 ἓ.

1806 2181 1825 2243 ἒ

1808 2246 1821 2277 Ι

1811 2285 1826 2384 ἑ

1812 2386 1826 2439 4¹,

1816 2446 1823 2469 ,s
