<?xml version="1.0" encoding="UTF-8"?>
<!DOCTYPE html PUBLIC "-//W3C//DTD XHTML 1.0 Transitional//EN"
    "http://www.w3.org/TR/xhtml1/DTD/xhtml1-transitional.dtd">
<html xmlns="http://www.w3.org/1999/xhtml" xml:lang="en" lang="en">
 <head>
  <title>
</title>
<meta http-equiv="Content-Type" content="text/html;charset=utf-8" />
  <meta name='ocr-system' content='tesseract 3.04.00' />
  <meta name='ocr-capabilities' content='ocr_page ocr_carea ocr_par ocr_line ocrx_word'/>
</head>
<body>
  <div class='ocr_page' id='page_1' title='image "./operagraeceetlat08luciuoft/operagraeceetlat08luciuoft_0565.png"; bbox 0 0 1783 3403; ppageno 0'>
   <div class='ocr_carea' id='block_1_1' title="bbox 216 189 1282 256">
    <p class='ocr_par' dir='ltr' id='par_1_1' title="bbox 216 189 1282 256">
     <span class='ocr_line' id='line_1_1' title="bbox 216 189 1282 256; baseline 0.001 -17"><span class='ocrx_word' id='word_1_1' title='bbox 216 192 285 240; x_wconf 85' lang='lat' dir='ltr'>IN</span> <span class='ocrx_word' id='word_1_2' title='bbox 318 192 405 241; x_wconf 88' lang='lat' dir='ltr'>DE</span> <span class='ocrx_word' id='word_1_3' title='bbox 444 193 678 242; x_wconf 88' lang='lat' dir='ltr'>MORTE</span> <span class='ocrx_word' id='word_1_4' title='bbox 713 189 1069 239; x_wconf 62' lang='lat' dir='ltr'>PEREGRINI..</span> <span class='ocrx_word' id='word_1_5' title='bbox 1190 205 1282 256; x_wconf 86' lang='lat'>557</span> 
     </span>
    </p>
   </div>
   <div class='ocr_carea' id='block_1_2' title="bbox 0 277 1300 2543">
    <p class='ocr_par' dir='ltr' id='par_1_2' title="bbox 0 277 1300 2543">
     <span class='ocr_line' id='line_1_2' title="bbox 0 277 1283 375; baseline 0.001 -53"><span class='ocrx_word' id='word_1_6' title='bbox 0 277 125 375; x_wconf 64' lang='lat' dir='ltr'>‘RegIS</span> <span class='ocrx_word' id='word_1_7' title='bbox 139 280 191 323; x_wconf 89' lang='lat' dir='ltr'>G.</span> <span class='ocrx_word' id='word_1_8' title='bbox 219 282 266 322; x_wconf 91' lang='lat' dir='ltr'>In</span> <span class='ocrx_word' id='word_1_9' title='bbox 291 282 474 337; x_wconf 85' lang='lat' dir='ltr'>impreffis</span> <span class='ocrx_word' id='word_1_10' title='bbox 494 283 599 323; x_wconf 87' lang='lat' dir='ltr'>enim</span> <span class='ocrx_word' id='word_1_11' title='bbox 623 283 806 322; x_wconf 86' lang='lat' dir='ltr'>omnibus</span> <span class='ocrx_word' id='word_1_12' title='bbox 827 292 908 322; x_wconf 85' lang='lat' dir='ltr'>erat</span> <span class='ocrx_word' id='word_1_13' title='bbox 930 281 1057 321; x_wconf 64' lang='grc' dir='ltr'><em>οἰκίαιν.</em></span> <span class='ocrx_word' id='word_1_14' title='bbox 1080 280 1170 322; x_wconf 90' lang='lat' dir='ltr'>Vid.</span> <span class='ocrx_word' id='word_1_15' title='bbox 1194 294 1283 334; x_wconf 85' lang='lat' dir='ltr'>cap.</span> 
     </span>
     <span class='ocr_line' id='line_1_3' title="bbox 14 345 260 387; baseline 0.004 -13"><span class='ocrx_word' id='word_1_16' title='bbox 14 346 75 387; x_wconf 84' lang='lat'>30.</span> <span class='ocrx_word' id='word_1_17' title='bbox 127 345 260 375; x_wconf 74' lang='lat' dir='ltr'>OLAN.</span> 
     </span>
     <span class='ocr_line' id='line_1_4' title="bbox 21 383 1283 441; baseline 0.001 -15"><span class='ocrx_word' id='word_1_18' title='bbox 21 429 25 434; x_wconf 63' lang='grc'><em>,</em></span> <span class='ocrx_word' id='word_1_19' title='bbox 67 389 159 440; x_wconf 79' lang='lat' dir='ltr'>Pag.</span> <span class='ocrx_word' id='word_1_20' title='bbox 183 389 273 429; x_wconf 82' lang='lat'>282.</span> <span class='ocrx_word' id='word_1_21' title='bbox 297 390 322 429; x_wconf 86' lang='lat' dir='ltr'>l.</span> <span class='ocrx_word' id='word_1_22' title='bbox 337 403 372 437; x_wconf 87' lang='lat'>4.</span> <span class='ocrx_word' id='word_1_23' title='bbox 389 389 582 441; x_wconf 74' lang='grc' dir='ltr'><em>Παιριοινῶν</em></span> <span class='ocrx_word' id='word_1_24' title='bbox 607 388 745 441; x_wconf 70' lang='grc' dir='ltr'><em>πόλις)</em></span> <span class='ocrx_word' id='word_1_25' title='bbox 766 390 969 437; x_wconf 72' lang='grc' dir='ltr'><em>Στέφανος·</em></span> <span class='ocrx_word' id='word_1_26' title='bbox 991 387 1143 440; x_wconf 72' lang='grc' dir='ltr'><em>Πάριον,</em></span> <span class='ocrx_word' id='word_1_27' title='bbox 1169 383 1283 427; x_wconf 57' lang='grc' dir='ltr'><em>ἐτέλις</em></span> 
     </span>
     <span class='ocr_line' id='line_1_5' title="bbox 10 440 1281 494; baseline -0.002 -12"><span class='ocrx_word' id='word_1_28' title='bbox 10 440 325 492; x_wconf 68' lang='grc' dir='ltr'><em>ἰνἙλλκσνι-ὂντῳ</em></span> <span class='ocrx_word' id='word_1_29' title='bbox 353 444 430 483; x_wconf 85' lang='lat' dir='ltr'>&amp;c.</span> <span class='ocrx_word' id='word_1_30' title='bbox 456 445 501 481; x_wconf 67' lang='grc' dir='ltr'>τὸ</span> <span class='ocrx_word' id='word_1_31' title='bbox 524 445 656 482; x_wconf 70' lang='grc' dir='ltr'><em>ἒθνικὸν</em></span> <span class='ocrx_word' id='word_1_32' title='bbox 685 442 833 494; x_wconf 78' lang='grc' dir='ltr'><em>Πάριος.</em></span> <span class='ocrx_word' id='word_1_33' title='bbox 858 442 874 481; x_wconf 83' lang='grc' dir='ltr'>ὅ</span> <span class='ocrx_word' id='word_1_34' title='bbox 903 444 1062 482; x_wconf 70' lang='grc' dir='ltr'><strong><em>πολίτης</em></strong></span> <span class='ocrx_word' id='word_1_35' title='bbox 1086 442 1281 491; x_wconf 74' lang='grc' dir='ltr'><em>Παριοινὲς.</em></span> 
     </span>
     <span class='ocr_line' id='line_1_6' title="bbox 13 494 1285 549; baseline -0.003 -14"><span class='ocrx_word' id='word_1_36' title='bbox 13 494 182 535; x_wconf 78' lang='lat' dir='ltr'>GUYET.</span> <span class='ocrx_word' id='word_1_37' title='bbox 207 496 397 549; x_wconf 71' lang='lat' dir='ltr'>Peregrini</span> <span class='ocrx_word' id='word_1_38' title='bbox 426 496 519 536; x_wconf 87' lang='lat' dir='ltr'>haec</span> <span class='ocrx_word' id='word_1_39' title='bbox 543 498 675 549; x_wconf 88' lang='lat' dir='ltr'>itaque</span> <span class='ocrx_word' id='word_1_40' title='bbox 697 497 840 548; x_wconf 78' lang='lat' dir='ltr'>patria,</span> <span class='ocrx_word' id='word_1_41' title='bbox 862 496 967 549; x_wconf 85' lang='lat' dir='ltr'>quod</span> <span class='ocrx_word' id='word_1_42' title='bbox 993 495 1034 534; x_wconf 89' lang='lat'>&amp;</span> <span class='ocrx_word' id='word_1_43' title='bbox 1061 495 1285 546; x_wconf 74' lang='lat' dir='ltr'>Athenago-</span> 
     </span>
     <span class='ocr_line' id='line_1_7' title="bbox 13 547 1288 602; baseline -0.001 -15"><span class='ocrx_word' id='word_1_44' title='bbox 13 557 75 588; x_wconf 66' lang='lat' dir='ltr'>ras</span> <span class='ocrx_word' id='word_1_45' title='bbox 90 548 319 596; x_wconf 84' lang='lat' dir='ltr'>confirmat,</span> <span class='ocrx_word' id='word_1_46' title='bbox 340 563 456 602; x_wconf 86' lang='lat' dir='ltr'>quem</span> <span class='ocrx_word' id='word_1_47' title='bbox 483 550 560 589; x_wconf 88' lang='lat' dir='ltr'>vid.</span> <span class='ocrx_word' id='word_1_48' title='bbox 586 564 621 601; x_wconf 88' lang='lat' dir='ltr'>p.</span> <span class='ocrx_word' id='word_1_49' title='bbox 641 563 692 600; x_wconf 91' lang='lat'>72</span> <span class='ocrx_word' id='word_1_50' title='bbox 715 549 756 589; x_wconf 74' lang='grc' dir='ltr'><em>δι</em></span> <span class='ocrx_word' id='word_1_51' title='bbox 770 562 835 601; x_wconf 84' lang='lat'>73,</span> <span class='ocrx_word' id='word_1_52' title='bbox 851 549 892 588; x_wconf 88' lang='lat'>&amp;</span> <span class='ocrx_word' id='word_1_53' title='bbox 908 549 1088 600; x_wconf 74' lang='lat' dir='ltr'>scaligeri</span> <span class='ocrx_word' id='word_1_54' title='bbox 1109 558 1220 587; x_wconf 88' lang='lat' dir='ltr'>notas</span> <span class='ocrx_word' id='word_1_55' title='bbox 1236 547 1288 586; x_wconf 60' lang='lat' dir='ltr'>ac}</span> 
     </span>
     <span class='ocr_line' id='line_1_8' title="bbox 12 601 1284 655; baseline -0.002 -13"><span class='ocrx_word' id='word_1_56' title='bbox 12 601 151 642; x_wconf 88' lang='lat' dir='ltr'>Euseb.</span> <span class='ocrx_word' id='word_1_57' title='bbox 177 602 324 643; x_wconf 89' lang='lat' dir='ltr'>Chron.</span> <span class='ocrx_word' id='word_1_58' title='bbox 339 617 377 655; x_wconf 90' lang='lat' dir='ltr'>p.</span> <span class='ocrx_word' id='word_1_59' title='bbox 399 616 476 643; x_wconf 85' lang='lat'>220</span> <span class='ocrx_word' id='word_1_60' title='bbox 498 603 539 642; x_wconf 87' lang='lat'>&amp;</span> <span class='ocrx_word' id='word_1_61' title='bbox 568 617 655 642; x_wconf 85' lang='lat'>221.</span> <span class='ocrx_word' id='word_1_62' title='bbox 675 603 752 642; x_wconf 86' lang='lat' dir='ltr'>Ubi</span> <span class='ocrx_word' id='word_1_63' title='bbox 771 615 871 643; x_wconf 90' lang='lat' dir='ltr'>errat</span> <span class='ocrx_word' id='word_1_64' title='bbox 891 604 954 642; x_wconf 91' lang='lat' dir='ltr'>vir</span> <span class='ocrx_word' id='word_1_65' title='bbox 978 601 1169 647; x_wconf 80' lang='lat' dir='ltr'>summus,</span> <span class='ocrx_word' id='word_1_66' title='bbox 1191 601 1284 640; x_wconf 85' lang='lat' dir='ltr'>dum</span> 
     </span>
     <span class='ocr_line' id='line_1_9' title="bbox 12 654 1290 709; baseline -0.002 -14"><span class='ocrx_word' id='word_1_67' title='bbox 12 656 186 696; x_wconf 85' lang='lat' dir='ltr'>oblatam</span> <span class='ocrx_word' id='word_1_68' title='bbox 215 669 300 697; x_wconf 85' lang='lat' dir='ltr'>eam</span> <span class='ocrx_word' id='word_1_69' title='bbox 322 656 556 709; x_wconf 85' lang='lat' dir='ltr'>Apologiam</span> <span class='ocrx_word' id='word_1_70' title='bbox 578 657 633 695; x_wconf 92' lang='lat' dir='ltr'>M.</span> <span class='ocrx_word' id='word_1_71' title='bbox 657 656 819 697; x_wconf 88' lang='lat' dir='ltr'>Aurelio</span> <span class='ocrx_word' id='word_1_72' title='bbox 840 656 880 695; x_wconf 69' lang='grc' dir='ltr'><em>δι</em></span> <span class='ocrx_word' id='word_1_73' title='bbox 902 657 943 696; x_wconf 92' lang='lat' dir='ltr'>L.</span> <span class='ocrx_word' id='word_1_74' title='bbox 961 657 1075 695; x_wconf 86' lang='lat' dir='ltr'>Vero</span> <span class='ocrx_word' id='word_1_75' title='bbox 1093 654 1290 695; x_wconf 80' lang='lat' dir='ltr'>adstruere</span> 
     </span>
     <span class='ocr_line' id='line_1_10' title="bbox 13 708 1284 763; baseline -0.002 -13"><span class='ocrx_word' id='word_1_76' title='bbox 13 721 203 759; x_wconf 81' lang='lat' dir='ltr'>conatur;</span> <span class='ocrx_word' id='word_1_77' title='bbox 223 723 273 751; x_wconf 92' lang='lat' dir='ltr'>eo</span> <span class='ocrx_word' id='word_1_78' title='bbox 297 709 400 763; x_wconf 90' lang='lat' dir='ltr'>ipso,</span> <span class='ocrx_word' id='word_1_79' title='bbox 420 723 501 763; x_wconf 89' lang='lat' dir='ltr'>quo</span> <span class='ocrx_word' id='word_1_80' title='bbox 514 709 551 750; x_wconf 88' lang='lat' dir='ltr'>se</span> <span class='ocrx_word' id='word_1_81' title='bbox 571 708 800 762; x_wconf 83' lang='lat' dir='ltr'>Peregrinus</span> <span class='ocrx_word' id='word_1_82' title='bbox 823 709 1049 757; x_wconf 76' lang='lat' dir='ltr'>combuffit,</span> <span class='ocrx_word' id='word_1_83' title='bbox 1065 722 1180 749; x_wconf 89' lang='lat' dir='ltr'>anno.</span> <span class='ocrx_word' id='word_1_84' title='bbox 1194 708 1284 748; x_wconf 88' lang='lat' dir='ltr'>Vid.</span> 
     </span>
     <span class='ocr_line' id='line_1_11' title="bbox 11 762 1292 817; baseline 0 -15"><span class='ocrx_word' id='word_1_85' title='bbox 11 762 139 813; x_wconf 75' lang='grc' dir='ltr'>Ἀλεξ.</span> <span class='ocrx_word' id='word_1_86' title='bbox 153 777 185 804; x_wconf 90' lang='lat' dir='ltr'>c.</span> <span class='ocrx_word' id='word_1_87' title='bbox 205 777 240 804; x_wconf 87' lang='lat'>2.</span> <span class='ocrx_word' id='word_1_88' title='bbox 258 763 418 814; x_wconf 80' lang='lat' dir='ltr'>Optime</span> <span class='ocrx_word' id='word_1_89' title='bbox 438 775 567 803; x_wconf 86' lang='lat' dir='ltr'>autem</span> <span class='ocrx_word' id='word_1_90' title='bbox 592 764 652 804; x_wconf 84' lang='lat' dir='ltr'>hic</span> <span class='ocrx_word' id='word_1_91' title='bbox 674 765 770 804; x_wconf 89' lang='lat' dir='ltr'>ridet</span> <span class='ocrx_word' id='word_1_92' title='bbox 793 764 1090 817; x_wconf 77' lang='lat' dir='ltr'>magnitudinem</span> <span class='ocrx_word' id='word_1_93' title='bbox 1113 762 1292 802; x_wconf 87' lang='lat' dir='ltr'>summae·</span> 
     </span>
     <span class='ocr_line' id='line_1_12' title="bbox 14 816 1286 871; baseline -0.002 -14"><span class='ocrx_word' id='word_1_94' title='bbox 14 830 38 857; x_wconf 75' lang='lat' dir='ltr'>a</span> <span class='ocrx_word' id='word_1_95' title='bbox 54 817 264 871; x_wconf 85' lang='lat' dir='ltr'>Theagene</span> <span class='ocrx_word' id='word_1_96' title='bbox 279 817 423 864; x_wconf 63' lang='lat' dir='ltr'>dinae,</span> <span class='ocrx_word' id='word_1_97' title='bbox 444 830 566 871; x_wconf 87' lang='lat' dir='ltr'>quae,</span> <span class='ocrx_word' id='word_1_98' title='bbox 590 828 633 857; x_wconf 92' lang='lat' dir='ltr'>ut</span> <span class='ocrx_word' id='word_1_99' title='bbox 656 816 766 869; x_wconf 86' lang='lat' dir='ltr'>supra</span> <span class='ocrx_word' id='word_1_100' title='bbox 782 818 971 857; x_wconf 87' lang='lat' dir='ltr'>monitum</span> <span class='ocrx_word' id='word_1_101' title='bbox 993 816 1070 863; x_wconf 86' lang='lat' dir='ltr'>est,</span> <span class='ocrx_word' id='word_1_102' title='bbox 1093 817 1138 855; x_wconf 86' lang='lat' dir='ltr'>ad</span> <span class='ocrx_word' id='word_1_103' title='bbox 1160 817 1286 856; x_wconf 86' lang='lat' dir='ltr'>decies</span> 
     </span>
     <span class='ocr_line' id='line_1_13' title="bbox 14 869 1293 924; baseline -0.002 -13"><span class='ocrx_word' id='word_1_104' title='bbox 14 869 137 911; x_wconf 83' lang='lat' dir='ltr'>ferme</span> <span class='ocrx_word' id='word_1_105' title='bbox 158 883 320 911; x_wconf 87' lang='lat' dir='ltr'>centena</span> <span class='ocrx_word' id='word_1_106' title='bbox 344 872 462 911; x_wconf 87' lang='lat' dir='ltr'>millia</span> <span class='ocrx_word' id='word_1_107' title='bbox 485 872 668 911; x_wconf 89' lang='lat' dir='ltr'>librarum</span> <span class='ocrx_word' id='word_1_108' title='bbox 685 871 983 924; x_wconf 84' lang='lat' dir='ltr'>Anglicanarum</span> <span class='ocrx_word' id='word_1_109' title='bbox 1006 871 1170 910; x_wconf 84' lang='lat' dir='ltr'>redibat:</span> <span class='ocrx_word' id='word_1_110' title='bbox 1194 882 1293 909; x_wconf 79' lang='lat' dir='ltr'>cunr</span> 
     </span>
     <span class='ocr_line' id='line_1_14' title="bbox 13 924 1285 968; baseline -0.003 0"><span class='ocrx_word' id='word_1_111' title='bbox 13 937 132 968; x_wconf 81' lang='lat' dir='ltr'>verus</span> <span class='ocrx_word' id='word_1_112' title='bbox 154 926 240 966; x_wconf 87' lang='lat' dir='ltr'>eius</span> <span class='ocrx_word' id='word_1_113' title='bbox 257 924 391 966; x_wconf 86' lang='lat' dir='ltr'>census</span> <span class='ocrx_word' id='word_1_114' title='bbox 406 925 498 965; x_wconf 64' lang='lat'>0610</span> <span class='ocrx_word' id='word_1_115' title='bbox 513 926 559 964; x_wconf 87' lang='lat' dir='ltr'>ad</span> <span class='ocrx_word' id='word_1_116' title='bbox 580 924 771 964; x_wconf 90' lang='lat' dir='ltr'>summum</span> <span class='ocrx_word' id='word_1_117' title='bbox 793 925 909 964; x_wconf 81' lang='lat' dir='ltr'>millia</span> <span class='ocrx_word' id='word_1_118' title='bbox 928 925 1107 964; x_wconf 87' lang='lat' dir='ltr'>efficeret.</span> <span class='ocrx_word' id='word_1_119' title='bbox 1123 924 1285 964; x_wconf 59' lang='lat' dir='ltr'>somn.</span> 
     </span>
     <span class='ocr_line' id='line_1_15' title="bbox 69 977 1288 1032; baseline -0.002 -14"><span class='ocrx_word' id='word_1_120' title='bbox 69 981 144 1019; x_wconf 85' lang='lat' dir='ltr'>ead.</span> <span class='ocrx_word' id='word_1_121' title='bbox 163 980 186 1018; x_wconf 89' lang='lat'>1.</span> <span class='ocrx_word' id='word_1_122' title='bbox 202 992 261 1028; x_wconf 90' lang='lat'>14.</span> <span class='ocrx_word' id='word_1_123' title='bbox 278 979 493 1032; x_wconf 70' lang='grc' dir='ltr'><em>Παριανῶν)</em></span> <span class='ocrx_word' id='word_1_124' title='bbox 512 979 645 1031; x_wconf 73' lang='grc' dir='ltr'><em>Πάριον</em></span> <span class='ocrx_word' id='word_1_125' title='bbox 667 979 758 1019; x_wconf 86' lang='lat' dir='ltr'>urbs</span> <span class='ocrx_word' id='word_1_126' title='bbox 774 978 812 1019; x_wconf 91' lang='lat' dir='ltr'>in</span> <span class='ocrx_word' id='word_1_127' title='bbox 827 979 1080 1032; x_wconf 85' lang='lat' dir='ltr'><strong>Hellesponto</strong></span> <span class='ocrx_word' id='word_1_128' title='bbox 1092 992 1105 1026; x_wconf 81' lang='lat'>3</span> <span class='ocrx_word' id='word_1_129' title='bbox 1117 978 1190 1017; x_wconf 87' lang='lat' dir='ltr'>vid.</span> <span class='ocrx_word' id='word_1_130' title='bbox 1205 977 1288 1017; x_wconf 86' lang='lat' dir='ltr'>Ste-</span> 
     </span>
     <span class='ocr_line' id='line_1_16' title="bbox 13 1032 675 1087; baseline 0.002 -16"><span class='ocrx_word' id='word_1_131' title='bbox 13 1032 130 1087; x_wconf 77' lang='lat' dir='ltr'>phan.</span> <span class='ocrx_word' id='word_1_132' title='bbox 147 1033 230 1085; x_wconf 75' lang='grc' dir='ltr'>περὶ</span> <span class='ocrx_word' id='word_1_133' title='bbox 250 1033 409 1072; x_wconf 74' lang='grc' dir='ltr'>πόλεων.</span> <span class='ocrx_word' id='word_1_134' title='bbox 432 1044 487 1072; x_wconf 76' lang='lat' dir='ltr'>LA</span> <span class='ocrx_word' id='word_1_135' title='bbox 509 1032 675 1073; x_wconf 83' lang='lat' dir='ltr'>CROZE.</span> 
     </span>
     <span class='ocr_line' id='line_1_17' title="bbox 70 1084 1293 1139; baseline -0.001 -13"><span class='ocrx_word' id='word_1_136' title='bbox 70 1087 152 1126; x_wconf 80' lang='lat' dir='ltr'>ibid.</span> <span class='ocrx_word' id='word_1_137' title='bbox 167 1086 306 1137; x_wconf 71' lang='grc' dir='ltr'><em>Ἐκόμαι</em></span> <span class='ocrx_word' id='word_1_138' title='bbox 324 1086 369 1126; x_wconf 55' lang='grc' dir='ltr'>δὲ</span> <span class='ocrx_word' id='word_1_139' title='bbox 393 1085 494 1139; x_wconf 60' lang='grc' dir='ltr'>ῖὶἓη)</span> <span class='ocrx_word' id='word_1_140' title='bbox 522 1086 719 1139; x_wconf 88' lang='lat' dir='ltr'>Corrupta</span> <span class='ocrx_word' id='word_1_141' title='bbox 737 1084 810 1126; x_wconf 83' lang='lat' dir='ltr'>effe</span> <span class='ocrx_word' id='word_1_142' title='bbox 832 1085 928 1126; x_wconf 86' lang='lat' dir='ltr'>haec</span> <span class='ocrx_word' id='word_1_143' title='bbox 951 1084 1072 1124; x_wconf 84' lang='lat' dir='ltr'>verba</span> <span class='ocrx_word' id='word_1_144' title='bbox 1094 1084 1293 1125; x_wconf 55' lang='lat' dir='ltr'>existimo-1</span> 
     </span>
     <span class='ocr_line' id='line_1_18' title="bbox 18 1139 1295 1193; baseline -0.003 -12"><span class='ocrx_word' id='word_1_145' title='bbox 18 1139 189 1193; x_wconf 84' lang='lat' dir='ltr'>Reliqua</span> <span class='ocrx_word' id='word_1_146' title='bbox 200 1142 301 1180; x_wconf 91' lang='lat' dir='ltr'>enim</span> <span class='ocrx_word' id='word_1_147' title='bbox 323 1141 454 1180; x_wconf 90' lang='lat' dir='ltr'>omnia</span> <span class='ocrx_word' id='word_1_148' title='bbox 470 1141 666 1191; x_wconf 86' lang='lat' dir='ltr'>Cynicum</span> <span class='ocrx_word' id='word_1_149' title='bbox 683 1139 852 1192; x_wconf 76' lang='lat' dir='ltr'>sapiunt,</span> <span class='ocrx_word' id='word_1_150' title='bbox 872 1139 948 1179; x_wconf 86' lang='lat' dir='ltr'>sola</span> <span class='ocrx_word' id='word_1_151' title='bbox 967 1139 1028 1178; x_wconf 87' lang='lat' dir='ltr'>illa</span> <span class='ocrx_word' id='word_1_152' title='bbox 1040 1155 1134 1179; x_wconf 76' lang='lat' dir='ltr'>coma</span> <span class='ocrx_word' id='word_1_153' title='bbox 1147 1139 1295 1178; x_wconf 84' lang='lat' dir='ltr'>abhor-·</span> 
     </span>
     <span class='ocr_line' id='line_1_19' title="bbox 15 1192 1294 1248; baseline -0.002 -14"><span class='ocrx_word' id='word_1_154' title='bbox 15 1205 78 1234; x_wconf 85' lang='lat' dir='ltr'>ret</span> <span class='ocrx_word' id='word_1_155' title='bbox 92 1206 115 1234; x_wconf 87' lang='lat' dir='ltr'>a</span> <span class='ocrx_word' id='word_1_156' title='bbox 134 1194 284 1248; x_wconf 90' lang='lat' dir='ltr'>reliquo</span> <span class='ocrx_word' id='word_1_157' title='bbox 305 1195 426 1235; x_wconf 85' lang='lat' dir='ltr'>cultu.</span> <span class='ocrx_word' id='word_1_158' title='bbox 443 1194 488 1234; x_wconf 90' lang='lat' dir='ltr'>In</span> <span class='ocrx_word' id='word_1_159' title='bbox 504 1193 760 1248; x_wconf 81' lang='lat' dir='ltr'>descriptione</span> <span class='ocrx_word' id='word_1_160' title='bbox 781 1205 908 1233; x_wconf 85' lang='lat' dir='ltr'>autem</span> <span class='ocrx_word' id='word_1_161' title='bbox 929 1204 1056 1234; x_wconf 86' lang='lat' dir='ltr'>cetera</span> <span class='ocrx_word' id='word_1_162' title='bbox 1077 1193 1169 1232; x_wconf 87' lang='lat' dir='ltr'>huic</span> <span class='ocrx_word' id='word_1_163' title='bbox 1191 1192 1294 1231; x_wconf 72' lang='lat' dir='ltr'>fimi-v</span> 
     </span>
     <span class='ocr_line' id='line_1_20' title="bbox 16 1246 1295 1302; baseline -0.003 -14"><span class='ocrx_word' id='word_1_164' title='bbox 16 1247 44 1288; x_wconf 88' lang='lat' dir='ltr'>li</span> <span class='ocrx_word' id='word_1_165' title='bbox 61 1248 98 1288; x_wconf 78' lang='grc' dir='ltr'>ἐν</span> <span class='ocrx_word' id='word_1_166' title='bbox 115 1247 196 1302; x_wconf 67' lang='grc' dir='ltr'>χρῷ</span> <span class='ocrx_word' id='word_1_167' title='bbox 218 1249 366 1299; x_wconf 71' lang='grc' dir='ltr'><em>κουρίαις</em></span> <span class='ocrx_word' id='word_1_168' title='bbox 390 1247 525 1288; x_wconf 83' lang='lat' dir='ltr'>diserte</span> <span class='ocrx_word' id='word_1_169' title='bbox 545 1249 843 1299; x_wconf 70' lang='lat' dir='ltr'>dicitur‚Apowr.</span> <span class='ocrx_word' id='word_1_170' title='bbox 861 1260 945 1299; x_wconf 85' lang='lat' dir='ltr'>cap.</span> <span class='ocrx_word' id='word_1_171' title='bbox 972 1260 1045 1297; x_wconf 81' lang='lat'>273</span> <span class='ocrx_word' id='word_1_172' title='bbox 1073 1247 1135 1286; x_wconf 90' lang='lat' dir='ltr'>cui</span> <span class='ocrx_word' id='word_1_173' title='bbox 1162 1246 1295 1285; x_wconf 76' lang='lat' dir='ltr'>statim-</span> 
     </span>
     <span class='ocr_line' id='line_1_21' title="bbox 19 1299 1288 1356; baseline -0.002 -14"><span class='ocrx_word' id='word_1_174' title='bbox 19 1302 170 1342; x_wconf 83' lang='lat' dir='ltr'>additur</span> <span class='ocrx_word' id='word_1_175' title='bbox 198 1302 237 1343; x_wconf 76' lang='grc' dir='ltr'>ἐν</span> <span class='ocrx_word' id='word_1_176' title='bbox 257 1302 386 1356; x_wconf 71' lang='grc' dir='ltr'><em>γενείῳ</em></span> <span class='ocrx_word' id='word_1_177' title='bbox 404 1301 517 1347; x_wconf 74' lang='grc' dir='ltr'><em>βαθεῖ.</em></span> <span class='ocrx_word' id='word_1_178' title='bbox 537 1302 638 1342; x_wconf 90' lang='lat' dir='ltr'>Mox</span> <span class='ocrx_word' id='word_1_179' title='bbox 660 1301 799 1340; x_wconf 87' lang='lat' dir='ltr'>ibidem</span> <span class='ocrx_word' id='word_1_180' title='bbox 820 1313 903 1353; x_wconf 89' lang='lat' dir='ltr'>cap.</span> <span class='ocrx_word' id='word_1_181' title='bbox 931 1299 979 1339; x_wconf 84' lang='lat'>28</span> <span class='ocrx_word' id='word_1_182' title='bbox 1003 1300 1149 1340; x_wconf 82' lang='lat' dir='ltr'>additur</span> <span class='ocrx_word' id='word_1_183' title='bbox 1167 1299 1288 1348; x_wconf 66' lang='grc' dir='ltr'><em>ἐκόμει</em></span> 
     </span>
     <span class='ocr_line' id='line_1_22' title="bbox 20 1352 1296 1410; baseline -0.003 -14"><span class='ocrx_word' id='word_1_184' title='bbox 20 1355 68 1396; x_wconf 50' lang='grc' dir='ltr'>ἑὲ</span> <span class='ocrx_word' id='word_1_185' title='bbox 95 1356 159 1396; x_wconf 68' lang='grc' dir='ltr'>καὶ</span> <span class='ocrx_word' id='word_1_186' title='bbox 184 1359 229 1396; x_wconf 66' lang='lat' dir='ltr'>‘rb</span> <span class='ocrx_word' id='word_1_187' title='bbox 247 1357 394 1410; x_wconf 66' lang='grc' dir='ltr'><em>’γένειον</em></span> <span class='ocrx_word' id='word_1_188' title='bbox 414 1355 598 1395; x_wconf 76' lang='grc' dir='ltr'>ἐτίλλετο·</span> <span class='ocrx_word' id='word_1_189' title='bbox 620 1355 680 1395; x_wconf 88' lang='lat' dir='ltr'>sed</span> <span class='ocrx_word' id='word_1_190' title='bbox 700 1367 774 1407; x_wconf 85' lang='lat' dir='ltr'>ego</span> <span class='ocrx_word' id='word_1_191' title='bbox 799 1354 876 1394; x_wconf 91' lang='lat' dir='ltr'>levi</span> <span class='ocrx_word' id='word_1_192' title='bbox 898 1355 1112 1394; x_wconf 75' lang='lat' dir='ltr'>mutatione</span> <span class='ocrx_word' id='word_1_193' title='bbox 1136 1352 1296 1404; x_wconf 73' lang='lat' dir='ltr'>scrupu=-</span> 
     </span>
     <span class='ocr_line' id='line_1_23' title="bbox 20 1406 1290 1459; baseline -0.003 -9"><span class='ocrx_word' id='word_1_194' title='bbox 20 1409 103 1450; x_wconf 84' lang='lat' dir='ltr'>lum</span> <span class='ocrx_word' id='word_1_195' title='bbox 124 1409 232 1450; x_wconf 90' lang='lat' dir='ltr'>illum</span> <span class='ocrx_word' id='word_1_196' title='bbox 250 1409 402 1458; x_wconf 84' lang='lat' dir='ltr'>sustuli,</span> <span class='ocrx_word' id='word_1_197' title='bbox 421 1409 511 1449; x_wconf 90' lang='lat' dir='ltr'>dum</span> <span class='ocrx_word' id='word_1_198' title='bbox 524 1439 536 1456; x_wconf 92' lang='lat'>‚</span> <span class='ocrx_word' id='word_1_199' title='bbox 555 1421 599 1448; x_wconf 90' lang='lat' dir='ltr'>ut</span> <span class='ocrx_word' id='word_1_200' title='bbox 617 1409 691 1450; x_wconf 87' lang='lat' dir='ltr'>illic</span> <span class='ocrx_word' id='word_1_201' title='bbox 711 1407 906 1448; x_wconf 87' lang='lat' dir='ltr'>ostendam</span> <span class='ocrx_word' id='word_1_202' title='bbox 919 1438 930 1455; x_wconf 92' lang='lat'>‚</span> <span class='ocrx_word' id='word_1_203' title='bbox 945 1408 1069 1447; x_wconf 91' lang='lat' dir='ltr'>doceo</span> <span class='ocrx_word' id='word_1_204' title='bbox 1084 1406 1290 1459; x_wconf 83' lang='lat' dir='ltr'>legendum</span> 
     </span>
     <span class='ocr_line' id='line_1_24' title="bbox 20 1461 1289 1517; baseline -0.005 -13"><span class='ocrx_word' id='word_1_205' title='bbox 20 1462 95 1504; x_wconf 82' lang='lat' dir='ltr'>effe</span> <span class='ocrx_word' id='word_1_206' title='bbox 115 1463 239 1514; x_wconf 71' lang='grc' dir='ltr'><em>ἐκόμει</em></span> <span class='ocrx_word' id='word_1_207' title='bbox 255 1463 300 1504; x_wconf 61' lang='grc' dir='ltr'>ἓὲ</span> <span class='ocrx_word' id='word_1_208' title='bbox 326 1465 369 1501; x_wconf 71' lang='grc' dir='ltr'>τὶ</span> <span class='ocrx_word' id='word_1_209' title='bbox 393 1464 548 1517; x_wconf 62' lang='grc' dir='ltr'><em>γένειον,</em></span> <span class='ocrx_word' id='word_1_210' title='bbox 577 1464 643 1503; x_wconf 71' lang='grc' dir='ltr'>καὶ</span> <span class='ocrx_word' id='word_1_211' title='bbox 672 1463 860 1503; x_wconf 73' lang='grc' dir='ltr'><strong>ἐτίλλετο.</strong></span> <span class='ocrx_word' id='word_1_212' title='bbox 887 1461 1003 1502; x_wconf 88' lang='lat' dir='ltr'>Certe</span> <span class='ocrx_word' id='word_1_213' title='bbox 1022 1461 1121 1514; x_wconf 89' lang='lat' dir='ltr'>apud</span> <span class='ocrx_word' id='word_1_214' title='bbox 1139 1461 1289 1499; x_wconf 85' lang='lat' dir='ltr'>nullum</span> 
     </span>
     <span class='ocr_line' id='line_1_25' title="bbox 0 1515 1291 1571; baseline -0.003 -13"><span class='ocrx_word' id='word_1_215' title='bbox 0 1515 243 1571; x_wconf 70' lang='lat' dir='ltr'>;scriptorem</span> <span class='ocrx_word' id='word_1_216' title='bbox 271 1516 387 1567; x_wconf 76' lang='grc' dir='ltr'><em>κομξῑν</em></span> <span class='ocrx_word' id='word_1_217' title='bbox 411 1515 630 1570; x_wconf 69' lang='lat' dir='ltr'>simpliciter</span> <span class='ocrx_word' id='word_1_218' title='bbox 652 1517 847 1570; x_wconf 88' lang='lat' dir='ltr'>prolatum</span> <span class='ocrx_word' id='word_1_219' title='bbox 870 1516 916 1555; x_wconf 86' lang='lat' dir='ltr'>de</span> <span class='ocrx_word' id='word_1_220' title='bbox 938 1515 1082 1561; x_wconf 86' lang='lat' dir='ltr'>barba,</span> <span class='ocrx_word' id='word_1_221' title='bbox 1102 1515 1206 1568; x_wconf 85' lang='lat' dir='ltr'>quod</span> <span class='ocrx_word' id='word_1_222' title='bbox 1230 1515 1291 1554; x_wconf 89' lang='lat' dir='ltr'>hic</span> 
     </span>
     <span class='ocr_line' id='line_1_26' title="bbox 0 1568 1291 1643; baseline -0.004 -31"><span class='ocrx_word' id='word_1_223' title='bbox 0 1569 2 1643; x_wconf 48' lang='lat' dir='ltr'>l</span> <span class='ocrx_word' id='word_1_224' title='bbox 22 1571 228 1625; x_wconf 85' lang='lat' dir='ltr'>oportuit,</span> <span class='ocrx_word' id='word_1_225' title='bbox 249 1571 390 1611; x_wconf 71' lang='lat' dir='ltr'>di&amp;um</span> <span class='ocrx_word' id='word_1_226' title='bbox 405 1571 638 1610; x_wconf 86' lang='lat' dir='ltr'>invenietur.</span> <span class='ocrx_word' id='word_1_227' title='bbox 658 1571 777 1623; x_wconf 91' lang='lat' dir='ltr'>Apud</span> <span class='ocrx_word' id='word_1_228' title='bbox 790 1569 968 1623; x_wconf 88' lang='lat' dir='ltr'>Xenoph.</span> <span class='ocrx_word' id='word_1_229' title='bbox 987 1568 1165 1622; x_wconf 87' lang='lat' dir='ltr'>quidem,</span> <span class='ocrx_word' id='word_1_230' title='bbox 1184 1569 1291 1622; x_wconf 93' lang='lat' dir='ltr'>quod</span> 
     </span>
     <span class='ocr_line' id='line_1_27' title="bbox 21 1622 1285 1679; baseline -0.003 -14"><span class='ocrx_word' id='word_1_231' title='bbox 21 1625 100 1666; x_wconf 90' lang='lat' dir='ltr'>huc</span> <span class='ocrx_word' id='word_1_232' title='bbox 122 1626 295 1679; x_wconf 86' lang='lat' dir='ltr'>apprime</span> <span class='ocrx_word' id='word_1_233' title='bbox 315 1624 441 1666; x_wconf 87' lang='lat' dir='ltr'>facere</span> <span class='ocrx_word' id='word_1_234' title='bbox 463 1625 559 1664; x_wconf 87' lang='lat' dir='ltr'>mihi</span> <span class='ocrx_word' id='word_1_235' title='bbox 572 1625 738 1670; x_wconf 86' lang='lat' dir='ltr'>videtur,</span> <span class='ocrx_word' id='word_1_236' title='bbox 756 1625 849 1664; x_wconf 88' lang='lat' dir='ltr'>haec</span> <span class='ocrx_word' id='word_1_237' title='bbox 872 1624 994 1663; x_wconf 87' lang='lat' dir='ltr'>verba</span> <span class='ocrx_word' id='word_1_238' title='bbox 1011 1622 1158 1663; x_wconf 84' lang='lat' dir='ltr'>exstant</span> <span class='ocrx_word' id='word_1_239' title='bbox 1174 1636 1209 1674; x_wconf 92' lang='lat' dir='ltr'>p.</span> <span class='ocrx_word' id='word_1_240' title='bbox 1227 1623 1285 1662; x_wconf 89' lang='lat' dir='ltr'>ed.</span> 
     </span>
     <span class='ocr_line' id='line_1_28' title="bbox 24 1675 1294 1733; baseline -0.006 -12"><span class='ocrx_word' id='word_1_241' title='bbox 24 1679 155 1732; x_wconf 84' lang='lat' dir='ltr'>Steph.</span> <span class='ocrx_word' id='word_1_242' title='bbox 181 1680 280 1733; x_wconf 85' lang='lat'>516,</span> <span class='ocrx_word' id='word_1_243' title='bbox 301 1679 327 1718; x_wconf 91' lang='lat' dir='ltr'>l.</span> <span class='ocrx_word' id='word_1_244' title='bbox 358 1692 418 1731; x_wconf 86' lang='lat'>15,</span> <span class='ocrx_word' id='word_1_245' title='bbox 437 1679 519 1729; x_wconf 74' lang='grc' dir='ltr'>πρὶν</span> <span class='ocrx_word' id='word_1_246' title='bbox 539 1678 583 1718; x_wconf 72' lang='grc' dir='ltr'>ἂν</span> <span class='ocrx_word' id='word_1_247' title='bbox 605 1682 651 1718; x_wconf 66' lang='grc' dir='ltr'>τὶ</span> <span class='ocrx_word' id='word_1_248' title='bbox 669 1679 812 1731; x_wconf 66' lang='grc' dir='ltr'><em>γένειον</em></span> <span class='ocrx_word' id='word_1_249' title='bbox 835 1675 884 1726; x_wconf 63' lang='grc' dir='ltr'>τῇ</span> <span class='ocrx_word' id='word_1_250' title='bbox 911 1675 1056 1726; x_wconf 52' lang='lat' dir='ltr'>nepam?</span> <span class='ocrx_word' id='word_1_251' title='bbox 1078 1675 1208 1726; x_wconf 81' lang='grc' dir='ltr'><em>ὁμοίως</em></span> <span class='ocrx_word' id='word_1_252' title='bbox 1232 1691 1294 1715; x_wconf 83' lang='grc' dir='ltr'>κο-</span> 
     </span>
     <span class='ocr_line' id='line_1_29' title="bbox 21 1731 1298 1786; baseline -0.005 -11"><span class='ocrx_word' id='word_1_253' title='bbox 21 1732 158 1786; x_wconf 64' lang='grc' dir='ltr'><strong><em>μήσῃς.</em></strong></span> <span class='ocrx_word' id='word_1_254' title='bbox 185 1733 232 1774; x_wconf 87' lang='lat' dir='ltr'>Et</span> <span class='ocrx_word' id='word_1_255' title='bbox 265 1734 328 1774; x_wconf 90' lang='lat' dir='ltr'>hic</span> <span class='ocrx_word' id='word_1_256' title='bbox 358 1734 488 1785; x_wconf 85' lang='lat' dir='ltr'>itaque</span> <span class='ocrx_word' id='word_1_257' title='bbox 513 1732 560 1772; x_wconf 89' lang='lat' dir='ltr'>de</span> <span class='ocrx_word' id='word_1_258' title='bbox 584 1732 703 1772; x_wconf 86' lang='lat' dir='ltr'>barba</span> <span class='ocrx_word' id='word_1_259' title='bbox 732 1731 871 1783; x_wconf 90' lang='lat' dir='ltr'>aliquid</span> <span class='ocrx_word' id='word_1_260' title='bbox 901 1731 1069 1771; x_wconf 81' lang='lat' dir='ltr'>additum</span> <span class='ocrx_word' id='word_1_261' title='bbox 1094 1731 1267 1782; x_wconf 89' lang='lat' dir='ltr'>oportuit</span> <span class='ocrx_word' id='word_1_262' title='bbox 1281 1739 1298 1775; x_wconf 57' lang='lat'>,⁴</span> 
     </span>
     <span class='ocr_line' id='line_1_30' title="bbox 24 1783 1294 1841; baseline -0.005 -13"><span class='ocrx_word' id='word_1_263' title='bbox 24 1787 133 1841; x_wconf 89' lang='lat' dir='ltr'>quod</span> <span class='ocrx_word' id='word_1_264' title='bbox 159 1785 239 1828; x_wconf 86' lang='lat' dir='ltr'>fine</span> <span class='ocrx_word' id='word_1_265' title='bbox 260 1786 346 1828; x_wconf 84' lang='lat' dir='ltr'>Mff.</span> <span class='ocrx_word' id='word_1_266' title='bbox 371 1799 449 1838; x_wconf 88' lang='lat' dir='ltr'>ope</span> <span class='ocrx_word' id='word_1_267' title='bbox 472 1796 518 1826; x_wconf 92' lang='lat' dir='ltr'>ut</span> <span class='ocrx_word' id='word_1_268' title='bbox 540 1787 729 1826; x_wconf 86' lang='lat' dir='ltr'>coniicere</span> <span class='ocrx_word' id='word_1_269' title='bbox 751 1797 831 1825; x_wconf 90' lang='lat' dir='ltr'>non</span> <span class='ocrx_word' id='word_1_270' title='bbox 854 1785 952 1825; x_wconf 88' lang='lat' dir='ltr'>adeo</span> <span class='ocrx_word' id='word_1_271' title='bbox 973 1783 1124 1823; x_wconf 88' lang='lat' dir='ltr'>difficile</span> <span class='ocrx_word' id='word_1_272' title='bbox 1139 1783 1215 1832; x_wconf 88' lang='lat' dir='ltr'>est,</span> <span class='ocrx_word' id='word_1_273' title='bbox 1238 1784 1294 1822; x_wconf 82' lang='lat' dir='ltr'>ita</span> 
     </span>
     <span class='ocr_line' id='line_1_31' title="bbox 26 1837 1295 1894; baseline -0.005 -13"><span class='ocrx_word' id='word_1_274' title='bbox 26 1855 116 1882; x_wconf 89' lang='lat' dir='ltr'>cum</span> <span class='ocrx_word' id='word_1_275' title='bbox 138 1841 264 1894; x_wconf 85' lang='lat' dir='ltr'>aliqua</span> <span class='ocrx_word' id='word_1_276' title='bbox 285 1841 441 1881; x_wconf 84' lang='lat' dir='ltr'>audacia</span> <span class='ocrx_word' id='word_1_277' title='bbox 460 1839 735 1886; x_wconf 70' lang='lat' dir='ltr'>coniun&amp;um‚</span> <span class='ocrx_word' id='word_1_278' title='bbox 757 1839 785 1878; x_wconf 88' lang='lat' dir='ltr'><strong>fi</strong></span> <span class='ocrx_word' id='word_1_279' title='bbox 814 1838 1034 1891; x_wconf 86' lang='lat' dir='ltr'>frequenter</span> <span class='ocrx_word' id='word_1_280' title='bbox 1056 1838 1093 1877; x_wconf 93' lang='lat' dir='ltr'>id</span> <span class='ocrx_word' id='word_1_281' title='bbox 1117 1837 1182 1877; x_wconf 84' lang='lat' dir='ltr'>flat</span> <span class='ocrx_word' id='word_1_282' title='bbox 1196 1868 1207 1886; x_wconf 87' lang='lat'>,</span> <span class='ocrx_word' id='word_1_283' title='bbox 1233 1839 1295 1875; x_wconf 82' lang='lat' dir='ltr'>vi-</span> 
     </span>
     <span class='ocr_line' id='line_1_32' title="bbox 27 1891 1295 1949; baseline -0.004 -14"><span class='ocrx_word' id='word_1_284' title='bbox 27 1896 108 1936; x_wconf 88' lang='lat' dir='ltr'>deri</span> <span class='ocrx_word' id='word_1_285' title='bbox 130 1894 254 1949; x_wconf 82' lang='lat' dir='ltr'>poffit.</span> <span class='ocrx_word' id='word_1_286' title='bbox 275 1895 340 1935; x_wconf 87' lang='lat' dir='ltr'>De</span> <span class='ocrx_word' id='word_1_287' title='bbox 364 1894 461 1934; x_wconf 86' lang='lat' dir='ltr'>locis</span> <span class='ocrx_word' id='word_1_288' title='bbox 488 1907 536 1934; x_wconf 85' lang='lat' dir='ltr'>ex</span> <span class='ocrx_word' id='word_1_289' title='bbox 559 1893 719 1946; x_wconf 90' lang='lat' dir='ltr'>Cynico</span> <span class='ocrx_word' id='word_1_290' title='bbox 740 1893 786 1932; x_wconf 85' lang='lat' dir='ltr'>ad</span> <span class='ocrx_word' id='word_1_291' title='bbox 807 1893 908 1932; x_wconf 89' lang='lat' dir='ltr'>hanc</span> <span class='ocrx_word' id='word_1_292' title='bbox 931 1905 1012 1932; x_wconf 89' lang='lat' dir='ltr'>rem</span> <span class='ocrx_word' id='word_1_293' title='bbox 1037 1891 1295 1946; x_wconf 59' lang='lat' dir='ltr'>spectantibus</span> 
     </span>
     <span class='ocr_line' id='line_1_33' title="bbox 27 1947 918 2002; baseline -0.006 -12"><span class='ocrx_word' id='word_1_294' title='bbox 27 1950 118 1991; x_wconf 86' lang='lat' dir='ltr'>vide</span> <span class='ocrx_word' id='word_1_295' title='bbox 139 1961 213 1989; x_wconf 89' lang='lat' dir='ltr'>nos</span> <span class='ocrx_word' id='word_1_296' title='bbox 231 1949 278 1989; x_wconf 88' lang='lat' dir='ltr'>ad</span> <span class='ocrx_word' id='word_1_297' title='bbox 295 1948 394 1988; x_wconf 85' lang='lat' dir='ltr'>illius</span> <span class='ocrx_word' id='word_1_298' title='bbox 408 1947 586 2000; x_wconf 86' lang='lat' dir='ltr'>opusculi</span> <span class='ocrx_word' id='word_1_299' title='bbox 603 1961 687 2002; x_wconf 87' lang='lat' dir='ltr'>cap.</span> <span class='ocrx_word' id='word_1_300' title='bbox 710 1961 743 1986; x_wconf 91' lang='lat'>1.</span> <span class='ocrx_word' id='word_1_301' title='bbox 759 1947 918 1986; x_wconf 75' lang='lat' dir='ltr'>SOLAN.</span> 
     </span>
     <span class='ocr_line' id='line_1_34' title="bbox 96 1997 1295 2055; baseline -0.003 -13"><span class='ocrx_word' id='word_1_302' title='bbox 96 2003 191 2055; x_wconf 73' lang='lat' dir='ltr'>pag.</span> <span class='ocrx_word' id='word_1_303' title='bbox 212 2002 300 2054; x_wconf 82' lang='lat'>283.</span> <span class='ocrx_word' id='word_1_304' title='bbox 324 2003 348 2041; x_wconf 86' lang='lat' dir='ltr'>l.</span> <span class='ocrx_word' id='word_1_305' title='bbox 370 2016 401 2041; x_wconf 88' lang='lat'>1.</span> <span class='ocrx_word' id='word_1_306' title='bbox 418 2001 578 2051; x_wconf 76' lang='grc' dir='ltr'><em>Ἀφεῒνοιι</em></span> <span class='ocrx_word' id='word_1_307' title='bbox 605 2025 650 2032; x_wconf 89' lang='grc'><strong>-</strong></span> <span class='ocrx_word' id='word_1_308' title='bbox 673 2001 738 2041; x_wconf 67' lang='grc' dir='ltr'>τὴν</span> <span class='ocrx_word' id='word_1_309' title='bbox 763 1997 921 2051; x_wconf 73' lang='grc' dir='ltr'><em>οὗσίοιν)</em></span> <span class='ocrx_word' id='word_1_310' title='bbox 945 1997 1295 2051; x_wconf 81' lang='lat' dir='ltr'>Gymnosophistas</span> 
     </span>
     <span class='ocr_line' id='line_1_35' title="bbox 30 2054 1295 2111; baseline -0.004 -14"><span class='ocrx_word' id='word_1_311' title='bbox 30 2055 224 2111; x_wconf 79' lang='lat' dir='ltr'>aliosque,</span> <span class='ocrx_word' id='word_1_312' title='bbox 241 2068 284 2103; x_wconf 88' lang='lat' dir='ltr'>ut</span> <span class='ocrx_word' id='word_1_313' title='bbox 301 2056 458 2096; x_wconf 88' lang='lat' dir='ltr'>liberius</span> <span class='ocrx_word' id='word_1_314' title='bbox 474 2055 850 2109; x_wconf 84' lang='lat' dir='ltr'>philosopharentur,</span> <span class='ocrx_word' id='word_1_315' title='bbox 871 2054 999 2093; x_wconf 87' lang='lat' dir='ltr'>itidem</span> <span class='ocrx_word' id='word_1_316' title='bbox 1022 2054 1210 2093; x_wconf 85' lang='lat' dir='ltr'>interdum</span> <span class='ocrx_word' id='word_1_317' title='bbox 1233 2066 1295 2093; x_wconf 88' lang='lat' dir='ltr'>re-</span> 
     </span>
     <span class='ocr_line' id='line_1_36' title="bbox 30 2106 1296 2165; baseline -0.006 -13"><span class='ocrx_word' id='word_1_318' title='bbox 30 2112 205 2165; x_wconf 85' lang='lat' dir='ltr'>linquere</span> <span class='ocrx_word' id='word_1_319' title='bbox 224 2111 309 2151; x_wconf 87' lang='lat' dir='ltr'>suas</span> <span class='ocrx_word' id='word_1_320' title='bbox 328 2123 424 2159; x_wconf 87' lang='lat' dir='ltr'>opes</span> <span class='ocrx_word' id='word_1_321' title='bbox 437 2109 592 2158; x_wconf 86' lang='lat' dir='ltr'>solitos,</span> <span class='ocrx_word' id='word_1_322' title='bbox 611 2110 716 2162; x_wconf 89' lang='lat' dir='ltr'>quod</span> <span class='ocrx_word' id='word_1_323' title='bbox 732 2109 772 2148; x_wconf 89' lang='lat'>&amp;</span> <span class='ocrx_word' id='word_1_324' title='bbox 788 2107 959 2159; x_wconf 87' lang='lat' dir='ltr'>discipuli</span> <span class='ocrx_word' id='word_1_325' title='bbox 985 2107 1127 2148; x_wconf 86' lang='lat' dir='ltr'>Christi</span> <span class='ocrx_word' id='word_1_326' title='bbox 1148 2106 1296 2147; x_wconf 71' lang='lat' dir='ltr'>faffita·</span> 
     </span>
     <span class='ocr_line' id='line_1_37' title="bbox 31 2161 1294 2215; baseline -0.006 -8"><span class='ocrx_word' id='word_1_327' title='bbox 31 2176 123 2207; x_wconf 85' lang='lat' dir='ltr'>runt</span> <span class='ocrx_word' id='word_1_328' title='bbox 137 2196 147 2210; x_wconf 83' lang='grc'>,</span> <span class='ocrx_word' id='word_1_329' title='bbox 172 2165 219 2205; x_wconf 88' lang='lat' dir='ltr'>ad</span> <span class='ocrx_word' id='word_1_330' title='bbox 241 2165 312 2205; x_wconf 90' lang='lat' dir='ltr'>Ev.</span> <span class='ocrx_word' id='word_1_331' title='bbox 327 2164 469 2204; x_wconf 89' lang='lat' dir='ltr'>Matth.</span> <span class='ocrx_word' id='word_1_332' title='bbox 484 2163 600 2212; x_wconf 85' lang='lat' dir='ltr'><strong>XIX,</strong></span> <span class='ocrx_word' id='word_1_333' title='bbox 625 2177 690 2213; x_wconf 89' lang='lat'>27,</span> <span class='ocrx_word' id='word_1_334' title='bbox 705 2162 969 2215; x_wconf 90' lang='lat' dir='ltr'>compluribus</span> <span class='ocrx_word' id='word_1_335' title='bbox 982 2161 1166 2214; x_wconf 82' lang='lat' dir='ltr'>exemplis</span> <span class='ocrx_word' id='word_1_336' title='bbox 1178 2190 1189 2207; x_wconf 94' lang='lat'>,</span> <span class='ocrx_word' id='word_1_337' title='bbox 1213 2173 1294 2200; x_wconf 88' lang='lat' dir='ltr'>non</span> 
     </span>
     <span class='ocr_line' id='line_1_38' title="bbox 34 2215 1296 2270; baseline -0.006 -9"><span class='ocrx_word' id='word_1_338' title='bbox 34 2218 174 2261; x_wconf 88' lang='lat' dir='ltr'>omiffo</span> <span class='ocrx_word' id='word_1_339' title='bbox 188 2219 264 2260; x_wconf 90' lang='lat' dir='ltr'>hoc</span> <span class='ocrx_word' id='word_1_340' title='bbox 281 2219 439 2259; x_wconf 88' lang='lat' dir='ltr'>Luciani</span> <span class='ocrx_word' id='word_1_341' title='bbox 450 2248 462 2265; x_wconf 92' lang='lat'>,</span> <span class='ocrx_word' id='word_1_342' title='bbox 482 2218 621 2270; x_wconf 91' lang='lat' dir='ltr'>probat</span> <span class='ocrx_word' id='word_1_343' title='bbox 635 2217 664 2256; x_wconf 88' lang='lat'>1.</span> <span class='ocrx_word' id='word_1_344' title='bbox 679 2216 821 2257; x_wconf 87' lang='lat' dir='ltr'>Elsner.</span> <span class='ocrx_word' id='word_1_345' title='bbox 840 2217 865 2255; x_wconf 91' lang='lat' dir='ltr'>l.</span> <span class='ocrx_word' id='word_1_346' title='bbox 879 2217 913 2256; x_wconf 90' lang='lat' dir='ltr'>d.</span> <span class='ocrx_word' id='word_1_347' title='bbox 930 2230 965 2267; x_wconf 90' lang='lat' dir='ltr'>p.</span> <span class='ocrx_word' id='word_1_348' title='bbox 981 2229 1054 2267; x_wconf 92' lang='lat'>90,</span> <span class='ocrx_word' id='word_1_349' title='bbox 1069 2229 1134 2268; x_wconf 90' lang='lat'>91.</span> <span class='ocrx_word' id='word_1_350' title='bbox 1147 2215 1296 2254; x_wconf 78' lang='lat' dir='ltr'>Rmz.</span> 
     </span>
     <span class='ocr_line' id='line_1_39' title="bbox 87 2267 1299 2323; baseline -0.006 -10"><span class='ocrx_word' id='word_1_351' title='bbox 87 2276 163 2314; x_wconf 85' lang='lat' dir='ltr'>ead.</span> <span class='ocrx_word' id='word_1_352' title='bbox 185 2274 210 2313; x_wconf 88' lang='lat' dir='ltr'>I.</span> <span class='ocrx_word' id='word_1_353' title='bbox 233 2287 268 2313; x_wconf 84' lang='lat'>2.</span> <span class='ocrx_word' id='word_1_354' title='bbox 286 2270 407 2321; x_wconf 70' lang='grc' dir='ltr'><em>Εἶναι)</em></span> <span class='ocrx_word' id='word_1_355' title='bbox 431 2271 600 2320; x_wconf 74' lang='grc' dir='ltr'><em>Ἀφεῖνοιι</em></span> <span class='ocrx_word' id='word_1_356' title='bbox 622 2267 729 2311; x_wconf 67' lang='grc' dir='ltr'><em>εἶναι.</em></span> <span class='ocrx_word' id='word_1_357' title='bbox 755 2271 872 2310; x_wconf 90' lang='lat' dir='ltr'>Hunc</span> <span class='ocrx_word' id='word_1_358' title='bbox 900 2269 1160 2323; x_wconf 85' lang='lat' dir='ltr'>pleonasmum</span> <span class='ocrx_word' id='word_1_359' title='bbox 1186 2267 1299 2307; x_wconf 87' lang='lat' dir='ltr'>verbi</span> 
     </span>
     <span class='ocr_line' id='line_1_40' title="bbox 38 2322 1297 2378; baseline -0.006 -10"><span class='ocrx_word' id='word_1_360' title='bbox 38 2325 130 2370; x_wconf 69' lang='grc' dir='ltr'><em>εἶναι</em></span> <span class='ocrx_word' id='word_1_361' title='bbox 145 2327 234 2367; x_wconf 90' lang='lat' dir='ltr'>vide</span> <span class='ocrx_word' id='word_1_362' title='bbox 251 2328 364 2367; x_wconf 86' lang='lat' dir='ltr'>etiam</span> <span class='ocrx_word' id='word_1_363' title='bbox 388 2325 501 2378; x_wconf 87' lang='lat' dir='ltr'>supra</span> <span class='ocrx_word' id='word_1_364' title='bbox 520 2326 566 2365; x_wconf 90' lang='lat' dir='ltr'>de</span> <span class='ocrx_word' id='word_1_365' title='bbox 584 2323 736 2365; x_wconf 85' lang='lat' dir='ltr'>Calum.</span> <span class='ocrx_word' id='word_1_366' title='bbox 758 2337 840 2377; x_wconf 88' lang='lat' dir='ltr'>cap.</span> <span class='ocrx_word' id='word_1_367' title='bbox 858 2337 907 2363; x_wconf 92' lang='lat'>20</span> <span class='ocrx_word' id='word_1_368' title='bbox 925 2323 965 2363; x_wconf 88' lang='lat'>&amp;</span> <span class='ocrx_word' id='word_1_369' title='bbox 989 2323 1048 2363; x_wconf 86' lang='lat'>16.</span> <span class='ocrx_word' id='word_1_370' title='bbox 1065 2323 1110 2362; x_wconf 84' lang='lat' dir='ltr'>Et</span> <span class='ocrx_word' id='word_1_371' title='bbox 1123 2322 1297 2362; x_wconf 90' lang='lat' dir='ltr'>Pseudol.</span> 
     </span>
     <span class='ocr_line' id='line_1_41' title="bbox 38 2376 1300 2435; baseline -0.006 -12"><span class='ocrx_word' id='word_1_372' title='bbox 38 2396 121 2435; x_wconf 85' lang='lat' dir='ltr'>cap.</span> <span class='ocrx_word' id='word_1_373' title='bbox 146 2382 173 2421; x_wconf 93' lang='lat'><strong>6</strong></span> <span class='ocrx_word' id='word_1_374' title='bbox 197 2381 240 2422; x_wconf 85' lang='lat'>&amp;</span> <span class='ocrx_word' id='word_1_375' title='bbox 264 2393 327 2431; x_wconf 83' lang='lat'>25.</span> <span class='ocrx_word' id='word_1_376' title='bbox 351 2381 548 2431; x_wconf 87' lang='lat' dir='ltr'>Necyom.</span> <span class='ocrx_word' id='word_1_377' title='bbox 568 2378 585 2428; x_wconf 91' lang='lat'>§</span> <span class='ocrx_word' id='word_1_378' title='bbox 616 2381 674 2418; x_wconf 90' lang='lat'>16.</span> <span class='ocrx_word' id='word_1_379' title='bbox 694 2377 862 2418; x_wconf 85' lang='lat' dir='ltr'>Eustath.</span> <span class='ocrx_word' id='word_1_380' title='bbox 882 2378 930 2417; x_wconf 88' lang='lat' dir='ltr'>ad</span> <span class='ocrx_word' id='word_1_381' title='bbox 952 2378 1072 2418; x_wconf 87' lang='lat' dir='ltr'>Hom.</span> <span class='ocrx_word' id='word_1_382' title='bbox 1094 2376 1136 2416; x_wconf 87' lang='lat'>11.</span> <span class='ocrx_word' id='word_1_383' title='bbox 1163 2381 1212 2421; x_wconf 78' lang='lat' dir='ltr'>A,</span> <span class='ocrx_word' id='word_1_384' title='bbox 1235 2389 1300 2416; x_wconf 89' lang='lat'>20.</span> 
     </span>
     <span class='ocr_line' id='line_1_42' title="bbox 39 2428 1296 2487; baseline -0.006 -11"><span class='ocrx_word' id='word_1_385' title='bbox 39 2434 184 2477; x_wconf 82' lang='lat' dir='ltr'>Hemst.</span> <span class='ocrx_word' id='word_1_386' title='bbox 211 2435 258 2475; x_wconf 84' lang='lat' dir='ltr'>ad</span> <span class='ocrx_word' id='word_1_387' title='bbox 281 2434 397 2474; x_wconf 90' lang='lat' dir='ltr'>Iudic.</span> <span class='ocrx_word' id='word_1_388' title='bbox 418 2433 548 2473; x_wconf 90' lang='lat' dir='ltr'>vocal.</span> <span class='ocrx_word' id='word_1_389' title='bbox 568 2431 632 2471; x_wconf 45' lang='lat' dir='ltr'>fin,</span> <span class='ocrx_word' id='word_1_390' title='bbox 654 2432 776 2487; x_wconf 87' lang='lat' dir='ltr'>Diog.</span> <span class='ocrx_word' id='word_1_391' title='bbox 802 2432 928 2473; x_wconf 78' lang='lat' dir='ltr'>Lae&#39;rt.</span> <span class='ocrx_word' id='word_1_392' title='bbox 943 2432 1012 2473; x_wconf 88' lang='lat' dir='ltr'>vit.</span> <span class='ocrx_word' id='word_1_393' title='bbox 1035 2430 1126 2471; x_wconf 85' lang='lat' dir='ltr'>Plat.</span> <span class='ocrx_word' id='word_1_394' title='bbox 1150 2444 1187 2484; x_wconf 90' lang='lat' dir='ltr'>p.</span> <span class='ocrx_word' id='word_1_395' title='bbox 1205 2428 1296 2475; x_wconf 85' lang='lat'>168.</span> 
     </span>
     <span class='ocr_line' id='line_1_43' title="bbox 35 2485 675 2543; baseline -0.002 -14"><span class='ocrx_word' id='word_1_396' title='bbox 35 2489 161 2543; x_wconf 69' lang='grc' dir='ltr'><em>φάναι</em></span> <span class='ocrx_word' id='word_1_397' title='bbox 173 2512 217 2520; x_wconf 90' lang='grc'>-</span> <span class='ocrx_word' id='word_1_398' title='bbox 230 2487 375 2542; x_wconf 68' lang='grc' dir='ltr'>ἰατροὺς</span> <span class='ocrx_word' id='word_1_399' title='bbox 395 2485 503 2530; x_wconf 68' lang='grc' dir='ltr'><em>εἶναι.</em></span> <span class='ocrx_word' id='word_1_400' title='bbox 526 2486 675 2528; x_wconf 75' lang='lat' dir='ltr'>Rnrz.</span> 
     </span>
    </p>
   </div>
  </div>
 </body>
</html>
