<?xml version="1.0" encoding="UTF-8"?>
<!DOCTYPE html PUBLIC "-//W3C//DTD XHTML 1.0 Transitional//EN"
    "http://www.w3.org/TR/xhtml1/DTD/xhtml1-transitional.dtd">
<html xmlns="http://www.w3.org/1999/xhtml" xml:lang="en" lang="en">
 <head>
  <title>
</title>
<meta http-equiv="Content-Type" content="text/html;charset=utf-8" />
  <meta name='ocr-system' content='tesseract 3.04.00' />
  <meta name='ocr-capabilities' content='ocr_page ocr_carea ocr_par ocr_line ocrx_word'/>
</head>
<body>
  <div class='ocr_page' id='page_1' title='image "./operagraeceetlat08luciuoft/operagraeceetlat08luciuoft_0467.png"; bbox 0 0 1783 3403; ppageno 0'>
   <div class='ocr_carea' id='block_1_1' title="bbox 364 208 1330 277">
    <p class='ocr_par' dir='ltr' id='par_1_1' title="bbox 364 208 1330 277">
     <span class='ocr_line' id='line_1_1' title="bbox 364 208 1330 277; baseline 0.001 -24"><span class='ocrx_word' id='word_1_1' title='bbox 364 208 452 254; x_wconf 79' lang='lat' dir='ltr'>IN</span> <span class='ocrx_word' id='word_1_2' title='bbox 497 208 1029 256; x_wconf 73' lang='lat' dir='ltr'>MACRossms.</span> <span class='ocrx_word' id='word_1_3' title='bbox 1235 230 1330 277; x_wconf 76' lang='lat'>459</span> 
     </span>
    </p>
   </div>
   <div class='ocr_carea' id='block_1_2' title="bbox 0 296 1334 998">
    <p class='ocr_par' dir='ltr' id='par_1_2' title="bbox 0 296 1334 998">
     <span class='ocr_line' id='line_1_2' title="bbox 61 296 1329 354; baseline 0.005 -16"><span class='ocrx_word' id='word_1_4' title='bbox 61 296 293 351; x_wconf 75' lang='lat' dir='ltr'>Quintillios</span> <span class='ocrx_word' id='word_1_5' title='bbox 312 297 466 346; x_wconf 86' lang='lat' dir='ltr'>fratres,</span> <span class='ocrx_word' id='word_1_6' title='bbox 486 311 569 339; x_wconf 86' lang='lat' dir='ltr'>tum</span> <span class='ocrx_word' id='word_1_7' title='bbox 593 300 785 341; x_wconf 86' lang='lat' dir='ltr'>Graeciae</span> <span class='ocrx_word' id='word_1_8' title='bbox 810 298 1044 353; x_wconf 61' lang='lat' dir='ltr'>praefectos:</span> <span class='ocrx_word' id='word_1_9' title='bbox 1067 299 1267 353; x_wconf 85' lang='lat' dir='ltr'>(Philostr.</span> <span class='ocrx_word' id='word_1_10' title='bbox 1291 319 1329 354; x_wconf 91' lang='lat' dir='ltr'>p.</span> 
     </span>
     <span class='ocr_line' id='line_1_3' title="bbox 66 352 1331 406; baseline 0.003 -15"><span class='ocrx_word' id='word_1_11' title='bbox 66 365 138 404; x_wconf 81' lang='lat'>545</span> <span class='ocrx_word' id='word_1_12' title='bbox 158 352 198 391; x_wconf 88' lang='lat'>&amp;</span> <span class='ocrx_word' id='word_1_13' title='bbox 215 353 309 405; x_wconf 78' lang='lat'>559)</span> <span class='ocrx_word' id='word_1_14' title='bbox 323 366 367 392; x_wconf 90' lang='lat' dir='ltr'>ea</span> <span class='ocrx_word' id='word_1_15' title='bbox 387 365 515 392; x_wconf 85' lang='lat' dir='ltr'>autem</span> <span class='ocrx_word' id='word_1_16' title='bbox 537 366 675 406; x_wconf 87' lang='lat' dir='ltr'>coepta</span> <span class='ocrx_word' id='word_1_17' title='bbox 695 353 749 392; x_wconf 87' lang='lat' dir='ltr'>est</span> <span class='ocrx_word' id='word_1_18' title='bbox 765 355 864 394; x_wconf 89' lang='lat' dir='ltr'>circa</span> <span class='ocrx_word' id='word_1_19' title='bbox 885 366 1028 397; x_wconf 83' lang='lat' dir='ltr'>annum</span> <span class='ocrx_word' id='word_1_20' title='bbox 1042 355 1133 394; x_wconf 85' lang='lat' dir='ltr'>Chr.</span> <span class='ocrx_word' id='word_1_21' title='bbox 1148 354 1331 403; x_wconf 82' lang='lat' dir='ltr'>CLXXI,</span> 
     </span>
     <span class='ocr_line' id='line_1_4' title="bbox 62 403 1334 460; baseline 0.002 -15"><span class='ocrx_word' id='word_1_22' title='bbox 62 403 280 457; x_wconf 83' lang='lat' dir='ltr'>Pythiaque</span> <span class='ocrx_word' id='word_1_23' title='bbox 303 406 545 447; x_wconf 87' lang='lat' dir='ltr'>CLXXXIX</span> <span class='ocrx_word' id='word_1_24' title='bbox 564 420 614 447; x_wconf 87' lang='lat' dir='ltr'>eo</span> <span class='ocrx_word' id='word_1_25' title='bbox 640 419 744 446; x_wconf 92' lang='lat' dir='ltr'>anno</span> <span class='ocrx_word' id='word_1_26' title='bbox 768 409 974 455; x_wconf 85' lang='lat' dir='ltr'>celebrata;</span> <span class='ocrx_word' id='word_1_27' title='bbox 1002 407 1210 460; x_wconf 76' lang='lat' dir='ltr'>siquidem,</span> <span class='ocrx_word' id='word_1_28' title='bbox 1229 410 1334 448; x_wconf 80' lang='lat' dir='ltr'>refe-</span> 
     </span>
     <span class='ocr_line' id='line_1_5' title="bbox 57 458 1332 513; baseline 0.004 -16"><span class='ocrx_word' id='word_1_29' title='bbox 57 466 169 504; x_wconf 69' lang='lat' dir='ltr'>rente</span> <span class='ocrx_word' id='word_1_30' title='bbox 188 458 416 499; x_wconf 85' lang='lat' dir='ltr'>Philostrato</span> <span class='ocrx_word' id='word_1_31' title='bbox 436 475 471 513; x_wconf 88' lang='lat' dir='ltr'>p.</span> <span class='ocrx_word' id='word_1_32' title='bbox 490 474 558 511; x_wconf 78' lang='lat'>545</span> <span class='ocrx_word' id='word_1_33' title='bbox 579 461 602 500; x_wconf 91' lang='lat'>1.</span> <span class='ocrx_word' id='word_1_34' title='bbox 617 474 650 501; x_wconf 91' lang='lat' dir='ltr'>c.</span> <span class='ocrx_word' id='word_1_35' title='bbox 667 461 1053 509; x_wconf 84' lang='lat' dir='ltr'>nonnullidicebant,</span> <span class='ocrx_word' id='word_1_36' title='bbox 1068 462 1215 500; x_wconf 89' lang='lat' dir='ltr'>initium</span> <span class='ocrx_word' id='word_1_37' title='bbox 1231 463 1332 502; x_wconf 81' lang='lat' dir='ltr'>illius</span> 
     </span>
     <span class='ocr_line' id='line_1_6' title="bbox 0 511 1332 567; baseline 0.004 -18"><span class='ocrx_word' id='word_1_38' title='bbox 0 519 8 534; x_wconf 88' lang='lat'><strong>¹</strong></span> <span class='ocrx_word' id='word_1_39' title='bbox 64 511 330 554; x_wconf 82' lang='lat' dir='ltr'>altercationis</span> <span class='ocrx_word' id='word_1_40' title='bbox 344 513 448 553; x_wconf 69' lang='lat' dir='ltr'>fuiffe</span> <span class='ocrx_word' id='word_1_41' title='bbox 468 514 705 565; x_wconf 84' lang='lat' dir='ltr'>Pythiorum</span> <span class='ocrx_word' id='word_1_42' title='bbox 727 514 917 562; x_wconf 87' lang='lat' dir='ltr'>solemne,</span> <span class='ocrx_word' id='word_1_43' title='bbox 938 516 1044 567; x_wconf 88' lang='lat' dir='ltr'>quod</span> <span class='ocrx_word' id='word_1_44' title='bbox 1063 515 1215 554; x_wconf 85' lang='lat' dir='ltr'>diverso</span> <span class='ocrx_word' id='word_1_45' title='bbox 1237 517 1332 555; x_wconf 84' lang='lat' dir='ltr'>iudi-</span> 
     </span>
     <span class='ocr_line' id='line_1_7' title="bbox 55 566 1332 620; baseline 0.003 -15"><span class='ocrx_word' id='word_1_46' title='bbox 55 566 129 610; x_wconf 71' lang='lat' dir='ltr'>jcio</span> <span class='ocrx_word' id='word_1_47' title='bbox 144 577 375 607; x_wconf 88' lang='lat' dir='ltr'>concentum</span> <span class='ocrx_word' id='word_1_48' title='bbox 390 567 575 607; x_wconf 75' lang='lat' dir='ltr'>musicum</span> <span class='ocrx_word' id='word_1_49' title='bbox 593 567 870 609; x_wconf 79' lang='lat' dir='ltr'>auscultassent.</span> <span class='ocrx_word' id='word_1_50' title='bbox 892 569 932 608; x_wconf 95' lang='lat' dir='ltr'>Id</span> <span class='ocrx_word' id='word_1_51' title='bbox 950 570 1049 608; x_wconf 89' lang='lat' dir='ltr'>enim</span> <span class='ocrx_word' id='word_1_52' title='bbox 1071 568 1251 620; x_wconf 87' lang='lat' dir='ltr'>Pythium</span> <span class='ocrx_word' id='word_1_53' title='bbox 1270 569 1332 609; x_wconf 84' lang='lat' dir='ltr'>so·</span> 
     </span>
     <span class='ocr_line' id='line_1_8' title="bbox 62 617 1332 675; baseline 0.004 -17"><span class='ocrx_word' id='word_1_54' title='bbox 62 617 191 658; x_wconf 86' lang='lat' dir='ltr'>lemne</span> <span class='ocrx_word' id='word_1_55' title='bbox 211 621 258 660; x_wconf 85' lang='lat' dir='ltr'>ad</span> <span class='ocrx_word' id='word_1_56' title='bbox 282 634 424 661; x_wconf 86' lang='lat' dir='ltr'>annum</span> <span class='ocrx_word' id='word_1_57' title='bbox 451 620 652 669; x_wconf 87' lang='lat' dir='ltr'>CLXXV,</span> <span class='ocrx_word' id='word_1_58' title='bbox 673 634 756 674; x_wconf 90' lang='lat' dir='ltr'>quo</span> <span class='ocrx_word' id='word_1_59' title='bbox 780 621 1009 675; x_wconf 87' lang='lat' dir='ltr'>subsequens</span> <span class='ocrx_word' id='word_1_60' title='bbox 1034 622 1202 662; x_wconf 89' lang='lat' dir='ltr'>solemne</span> <span class='ocrx_word' id='word_1_61' title='bbox 1221 622 1332 663; x_wconf 90' lang='lat' dir='ltr'>CXC</span> 
     </span>
     <span class='ocr_line' id='line_1_9' title="bbox 55 673 1333 729; baseline 0.002 -16"><span class='ocrx_word' id='word_1_62' title='bbox 55 673 298 714; x_wconf 74' lang='lat' dir='ltr'>celebratum</span> <span class='ocrx_word' id='word_1_63' title='bbox 314 705 327 721; x_wconf 90' lang='lat'>‚</span> <span class='ocrx_word' id='word_1_64' title='bbox 346 674 477 715; x_wconf 87' lang='lat' dir='ltr'>referri</span> <span class='ocrx_word' id='word_1_65' title='bbox 493 676 648 728; x_wconf 86' lang='lat' dir='ltr'>nequit,</span> <span class='ocrx_word' id='word_1_66' title='bbox 676 676 731 714; x_wconf 92' lang='lat' dir='ltr'>uti</span> <span class='ocrx_word' id='word_1_67' title='bbox 749 688 799 714; x_wconf 91' lang='lat' dir='ltr'>ex</span> <span class='ocrx_word' id='word_1_68' title='bbox 812 675 1054 728; x_wconf 88' lang='lat' dir='ltr'>sequentibus</span> <span class='ocrx_word' id='word_1_69' title='bbox 1068 677 1236 729; x_wconf 79' lang='lat' dir='ltr'>liquebit.</span> <span class='ocrx_word' id='word_1_70' title='bbox 1252 676 1333 715; x_wconf 82' lang='lat' dir='ltr'>Phi-</span> 
     </span>
     <span class='ocr_line' id='line_1_10' title="bbox 57 724 1332 770; baseline 0.005 -6"><span class='ocrx_word' id='word_1_71' title='bbox 57 724 238 769; x_wconf 84' lang='lat' dir='ltr'>lostratus</span> <span class='ocrx_word' id='word_1_72' title='bbox 263 729 367 768; x_wconf 86' lang='lat' dir='ltr'>enim</span> <span class='ocrx_word' id='word_1_73' title='bbox 395 741 529 768; x_wconf 80' lang='lat' dir='ltr'>veram</span> <span class='ocrx_word' id='word_1_74' title='bbox 555 729 813 768; x_wconf 81' lang='lat' dir='ltr'>altercationis</span> <span class='ocrx_word' id='word_1_75' title='bbox 836 729 953 769; x_wconf 87' lang='lat' dir='ltr'>huius</span> <span class='ocrx_word' id='word_1_76' title='bbox 975 729 1125 770; x_wconf 87' lang='lat' dir='ltr'>causam</span> <span class='ocrx_word' id='word_1_77' title='bbox 1152 743 1332 770; x_wconf 86' lang='lat' dir='ltr'>enarrans</span> 
     </span>
     <span class='ocr_line' id='line_1_11' title="bbox 0 779 1333 836; baseline 0.004 -18"><span class='ocrx_word' id='word_1_78' title='bbox 0 812 8 826; x_wconf 78' lang='grc'><strong>,</strong></span> <span class='ocrx_word' id='word_1_79' title='bbox 63 779 120 823; x_wconf 87' lang='lat' dir='ltr'>ibi</span> <span class='ocrx_word' id='word_1_80' title='bbox 134 779 266 823; x_wconf 87' lang='lat' dir='ltr'>scribit</span> <span class='ocrx_word' id='word_1_81' title='bbox 279 813 290 828; x_wconf 90' lang='lat'>‚</span> <span class='ocrx_word' id='word_1_82' title='bbox 312 783 507 822; x_wconf 88' lang='lat' dir='ltr'>Herodem</span> <span class='ocrx_word' id='word_1_83' title='bbox 529 783 748 834; x_wconf 86' lang='lat' dir='ltr'>tyrannidis</span> <span class='ocrx_word' id='word_1_84' title='bbox 766 783 866 836; x_wconf 87' lang='lat' dir='ltr'>apud</span> <span class='ocrx_word' id='word_1_85' title='bbox 887 783 1182 836; x_wconf 84' lang='lat' dir='ltr'>Imperatorem,</span> <span class='ocrx_word' id='word_1_86' title='bbox 1200 783 1333 836; x_wconf 85' lang='lat' dir='ltr'>Quin-</span> 
     </span>
     <span class='ocr_line' id='line_1_12' title="bbox 0 833 1333 889; baseline 0.005 -18"><span class='ocrx_word' id='word_1_87' title='bbox 0 872 6 886; x_wconf 53' lang='lat'>,</span> <span class='ocrx_word' id='word_1_88' title='bbox 61 833 250 874; x_wconf 83' lang='lat' dir='ltr'>tiliiorum</span> <span class='ocrx_word' id='word_1_89' title='bbox 271 835 388 876; x_wconf 88' lang='lat' dir='ltr'>literis</span> <span class='ocrx_word' id='word_1_90' title='bbox 401 835 644 876; x_wconf 85' lang='lat' dir='ltr'>accusatum:</span> <span class='ocrx_word' id='word_1_91' title='bbox 667 836 796 888; x_wconf 88' lang='lat' dir='ltr'>postea</span> <span class='ocrx_word' id='word_1_92' title='bbox 817 836 936 889; x_wconf 89' lang='lat' dir='ltr'>ipsum</span> <span class='ocrx_word' id='word_1_93' title='bbox 957 850 1075 889; x_wconf 88' lang='lat' dir='ltr'>atque</span> <span class='ocrx_word' id='word_1_94' title='bbox 1094 839 1333 878; x_wconf 76' lang='lat' dir='ltr'>adversarios</span> 
     </span>
     <span class='ocr_line' id='line_1_13' title="bbox 0 885 1332 943; baseline 0.004 -17"><span class='ocrx_word' id='word_1_95' title='bbox 0 911 7 940; x_wconf 51' lang='grc' dir='ltr'>ι,</span> <span class='ocrx_word' id='word_1_96' title='bbox 59 885 360 940; x_wconf 84' lang='lat' dir='ltr'>Imperatorem,</span> <span class='ocrx_word' id='word_1_97' title='bbox 386 902 466 929; x_wconf 89' lang='lat' dir='ltr'>tum</span> <span class='ocrx_word' id='word_1_98' title='bbox 483 891 521 929; x_wconf 92' lang='lat' dir='ltr'>in</span> <span class='ocrx_word' id='word_1_99' title='bbox 542 890 735 930; x_wconf 88' lang='lat' dir='ltr'>Pannonia</span> <span class='ocrx_word' id='word_1_100' title='bbox 752 891 891 930; x_wconf 90' lang='lat' dir='ltr'>bellum</span> <span class='ocrx_word' id='word_1_101' title='bbox 911 904 1124 943; x_wconf 82' lang='lat' dir='ltr'>gerentem,</span> <span class='ocrx_word' id='word_1_102' title='bbox 1149 892 1190 932; x_wconf 86' lang='lat'>&amp;</span> <span class='ocrx_word' id='word_1_103' title='bbox 1207 892 1332 931; x_wconf 83' lang='lat' dir='ltr'>Sirmii</span> 
     </span>
     <span class='ocr_line' id='line_1_14' title="bbox 61 942 1331 998; baseline 0.002 -17"><span class='ocrx_word' id='word_1_104' title='bbox 61 942 284 994; x_wconf 84' lang='lat' dir='ltr'>degentem,</span> <span class='ocrx_word' id='word_1_105' title='bbox 303 943 452 991; x_wconf 83' lang='lat' dir='ltr'>adiiffe3</span> <span class='ocrx_word' id='word_1_106' title='bbox 477 956 591 997; x_wconf 85' lang='lat' dir='ltr'>atque</span> <span class='ocrx_word' id='word_1_107' title='bbox 612 957 741 984; x_wconf 85' lang='lat' dir='ltr'>coram</span> <span class='ocrx_word' id='word_1_108' title='bbox 765 957 814 985; x_wconf 93' lang='lat' dir='ltr'>eo</span> <span class='ocrx_word' id='word_1_109' title='bbox 834 946 986 983; x_wconf 85' lang='lat' dir='ltr'>causam</span> <span class='ocrx_word' id='word_1_110' title='bbox 1010 945 1122 998; x_wconf 75' lang='lat' dir='ltr'>egisse</span> <span class='ocrx_word' id='word_1_111' title='bbox 1141 946 1235 996; x_wconf 85' lang='lat'>(558</span> <span class='ocrx_word' id='word_1_112' title='bbox 1259 946 1331 998; x_wconf 89' lang='lat' dir='ltr'>A.)</span> 
     </span>
    </p>
   </div>
   <div class='ocr_carea' id='block_1_3' title="bbox 0 995 1331 1044">
    <p class='ocr_par' dir='ltr' id='par_1_3' title="bbox 0 995 1331 1044">
     <span class='ocr_line' id='line_1_15' title="bbox 0 995 1331 1044; baseline -0.001 -5"><span class='ocrx_word' id='word_1_113' title='bbox 0 1028 4 1039; x_wconf 91' lang='lat'>.</span> <span class='ocrx_word' id='word_1_114' title='bbox 59 995 224 1037; x_wconf 77' lang='lat' dir='ltr'>vivente</span> <span class='ocrx_word' id='word_1_115' title='bbox 243 999 365 1037; x_wconf 84' lang='lat' dir='ltr'>adhuc</span> <span class='ocrx_word' id='word_1_116' title='bbox 379 998 434 1037; x_wconf 93' lang='lat' dir='ltr'>M.</span> <span class='ocrx_word' id='word_1_117' title='bbox 450 999 598 1038; x_wconf 85' lang='lat' dir='ltr'>Aurelii</span> <span class='ocrx_word' id='word_1_118' title='bbox 613 1011 759 1044; x_wconf 89' lang='lat' dir='ltr'>uxore,</span> <span class='ocrx_word' id='word_1_119' title='bbox 779 1011 823 1037; x_wconf 89' lang='lat' dir='ltr'>ac</span> <span class='ocrx_word' id='word_1_120' title='bbox 847 997 964 1038; x_wconf 86' lang='lat' dir='ltr'>filiola</span> <span class='ocrx_word' id='word_1_121' title='bbox 981 999 1104 1039; x_wconf 85' lang='lat' dir='ltr'>adhuc</span> <span class='ocrx_word' id='word_1_122' title='bbox 1118 1000 1331 1038; x_wconf 85' lang='lat' dir='ltr'>balbutien-</span> 
     </span>
    </p>
   </div>
   <div class='ocr_carea' id='block_1_4' title="bbox 0 0 44 3403">
    <p class='ocr_par' dir='ltr' id='par_1_4' title="bbox 0 0 44 3403">
     <span class='ocr_line' id='line_1_16' title="bbox 0 0 44 3403; baseline 0 0"><span class='ocrx_word' id='word_1_123' title='bbox 0 0 44 3403; x_wconf 95' lang='lat' dir='ltr'> </span> 
     </span>
    </p>
   </div>
   <div class='ocr_carea' id='block_1_5' title="bbox 0 1049 1331 2565">
    <p class='ocr_par' dir='ltr' id='par_1_5' title="bbox 0 1049 1331 2075">
     <span class='ocr_line' id='line_1_17' title="bbox 0 1049 1331 1105; baseline 0.003 -17"><span class='ocrx_word' id='word_1_124' title='bbox 0 1074 2 1099; x_wconf 47' lang='grc' dir='ltr'><em>ρ</em></span> <span class='ocrx_word' id='word_1_125' title='bbox 61 1058 124 1096; x_wconf 83' lang='lat' dir='ltr'>te,</span> <span class='ocrx_word' id='word_1_126' title='bbox 140 1049 210 1102; x_wconf 78' lang='grc' dir='ltr'>(δι</span> <span class='ocrx_word' id='word_1_127' title='bbox 224 1052 342 1091; x_wconf 87' lang='lat' dir='ltr'>modo</span> <span class='ocrx_word' id='word_1_128' title='bbox 358 1053 518 1098; x_wconf 88' lang='lat' dir='ltr'>trienni,</span> <span class='ocrx_word' id='word_1_129' title='bbox 540 1067 576 1105; x_wconf 88' lang='lat' dir='ltr'>p.</span> <span class='ocrx_word' id='word_1_130' title='bbox 594 1052 698 1104; x_wconf 85' lang='lat'>561.)</span> <span class='ocrx_word' id='word_1_131' title='bbox 719 1051 789 1104; x_wconf 87' lang='lat'>558</span> <span class='ocrx_word' id='word_1_132' title='bbox 805 1051 855 1091; x_wconf 94' lang='lat' dir='ltr'>D.</span> <span class='ocrx_word' id='word_1_133' title='bbox 878 1052 956 1091; x_wconf 90' lang='lat' dir='ltr'>Iam</span> <span class='ocrx_word' id='word_1_134' title='bbox 978 1066 1074 1092; x_wconf 91' lang='lat' dir='ltr'>vero</span> <span class='ocrx_word' id='word_1_135' title='bbox 1092 1053 1265 1092; x_wconf 83' lang='lat' dir='ltr'>Faustina</span> <span class='ocrx_word' id='word_1_136' title='bbox 1280 1055 1331 1093; x_wconf 88' lang='lat' dir='ltr'>A.</span> 
     </span>
     <span class='ocr_line' id='line_1_18' title="bbox 0 1102 1331 1159; baseline -0.001 -12"><span class='ocrx_word' id='word_1_137' title='bbox 0 1133 2 1147; x_wconf 84' lang='lat'>.</span> <span class='ocrx_word' id='word_1_138' title='bbox 61 1102 112 1146; x_wconf 84' lang='lat' dir='ltr'>C·</span> <span class='ocrx_word' id='word_1_139' title='bbox 126 1103 310 1147; x_wconf 87' lang='lat' dir='ltr'>CLXXV</span> <span class='ocrx_word' id='word_1_140' title='bbox 325 1104 394 1146; x_wconf 86' lang='lat' dir='ltr'>sub</span> <span class='ocrx_word' id='word_1_141' title='bbox 407 1106 571 1147; x_wconf 87' lang='lat' dir='ltr'>hiemem</span> <span class='ocrx_word' id='word_1_142' title='bbox 589 1107 705 1153; x_wconf 84' lang='lat' dir='ltr'>obiit;</span> <span class='ocrx_word' id='word_1_143' title='bbox 721 1117 835 1159; x_wconf 84' lang='lat' dir='ltr'>atque</span> <span class='ocrx_word' id='word_1_144' title='bbox 854 1106 968 1159; x_wconf 85' lang='lat' dir='ltr'>paulo</span> <span class='ocrx_word' id='word_1_145' title='bbox 983 1107 1068 1159; x_wconf 87' lang='lat' dir='ltr'>post</span> <span class='ocrx_word' id='word_1_146' title='bbox 1083 1108 1238 1146; x_wconf 86' lang='lat' dir='ltr'>Marcus</span> <span class='ocrx_word' id='word_1_147' title='bbox 1252 1109 1331 1159; x_wconf 87' lang='lat' dir='ltr'>epi·</span> 
     </span>
     <span class='ocr_line' id='line_1_19' title="bbox 0 1155 1331 1212; baseline 0.002 -15"><span class='ocrx_word' id='word_1_148' title='bbox 0 1191 1 1197; x_wconf 71' lang='grc'>,</span> <span class='ocrx_word' id='word_1_149' title='bbox 63 1155 198 1196; x_wconf 85' lang='lat' dir='ltr'>stolam</span> <span class='ocrx_word' id='word_1_150' title='bbox 214 1159 259 1198; x_wconf 90' lang='lat' dir='ltr'>ad</span> <span class='ocrx_word' id='word_1_151' title='bbox 275 1159 471 1200; x_wconf 87' lang='lat' dir='ltr'>Herodem</span> <span class='ocrx_word' id='word_1_152' title='bbox 484 1159 643 1211; x_wconf 74' lang='lat' dir='ltr'>scripsit,</span> <span class='ocrx_word' id='word_1_153' title='bbox 657 1160 694 1199; x_wconf 90' lang='lat' dir='ltr'>in</span> <span class='ocrx_word' id='word_1_154' title='bbox 708 1173 783 1212; x_wconf 87' lang='lat' dir='ltr'>qua</span> <span class='ocrx_word' id='word_1_155' title='bbox 797 1173 883 1200; x_wconf 91' lang='lat' dir='ltr'>cum</span> <span class='ocrx_word' id='word_1_156' title='bbox 898 1161 943 1200; x_wconf 86' lang='lat' dir='ltr'>de</span> <span class='ocrx_word' id='word_1_157' title='bbox 958 1160 1045 1199; x_wconf 90' lang='lat' dir='ltr'>belli</span> <span class='ocrx_word' id='word_1_158' title='bbox 1060 1162 1222 1200; x_wconf 87' lang='lat' dir='ltr'>hibernis</span> <span class='ocrx_word' id='word_1_159' title='bbox 1238 1175 1331 1200; x_wconf 93' lang='lat' dir='ltr'>ver-</span> 
     </span>
     <span class='ocr_line' id='line_1_20' title="bbox 60 1209 1331 1266; baseline 0.003 -16"><span class='ocrx_word' id='word_1_160' title='bbox 60 1210 114 1250; x_wconf 79' lang='lat' dir='ltr'>ba</span> <span class='ocrx_word' id='word_1_161' title='bbox 133 1209 296 1261; x_wconf 82' lang='lat' dir='ltr'>feciffet,</span> <span class='ocrx_word' id='word_1_162' title='bbox 319 1214 356 1252; x_wconf 90' lang='lat' dir='ltr'>in</span> <span class='ocrx_word' id='word_1_163' title='bbox 371 1215 511 1266; x_wconf 88' lang='lat' dir='ltr'>quibus</span> <span class='ocrx_word' id='word_1_164' title='bbox 530 1224 611 1254; x_wconf 84' lang='lat' dir='ltr'>mm</span> <span class='ocrx_word' id='word_1_165' title='bbox 628 1224 733 1260; x_wconf 87' lang='lat' dir='ltr'>erat,</span> <span class='ocrx_word' id='word_1_166' title='bbox 752 1214 790 1252; x_wconf 71' lang='grc' dir='ltr'>δε</span> <span class='ocrx_word' id='word_1_167' title='bbox 810 1227 972 1253; x_wconf 84' lang='lat' dir='ltr'>uxorem</span> <span class='ocrx_word' id='word_1_168' title='bbox 994 1214 1200 1254; x_wconf 81' lang='lat' dir='ltr'>desseviffet</span> <span class='ocrx_word' id='word_1_169' title='bbox 1223 1231 1331 1255; x_wconf 77' lang='lat' dir='ltr'>recens</span> 
     </span>
     <span class='ocr_line' id='line_1_21' title="bbox 63 1267 1330 1322; baseline 0.003 -18"><span class='ocrx_word' id='word_1_170' title='bbox 63 1277 252 1315; x_wconf 64' lang='lat' dir='ltr'>moratam,</span> <span class='ocrx_word' id='word_1_171' title='bbox 269 1267 428 1308; x_wconf 87' lang='lat' dir='ltr'>addebat</span> <span class='ocrx_word' id='word_1_172' title='bbox 447 1268 663 1322; x_wconf 50' lang='grc' dir='ltr'>ἀπολογίη</span> <span class='ocrx_word' id='word_1_173' title='bbox 688 1281 761 1320; x_wconf 88' lang='lat' dir='ltr'>pro</span> <span class='ocrx_word' id='word_1_174' title='bbox 781 1269 947 1314; x_wconf 86' lang='lat' dir='ltr'>iudicio,</span> <span class='ocrx_word' id='word_1_175' title='bbox 968 1269 1075 1322; x_wconf 92' lang='lat' dir='ltr'>quod</span> <span class='ocrx_word' id='word_1_176' title='bbox 1097 1281 1183 1308; x_wconf 85' lang='lat' dir='ltr'>ante</span> <span class='ocrx_word' id='word_1_177' title='bbox 1194 1270 1330 1308; x_wconf 82' lang='lat' dir='ltr'>adver·</span> 
     </span>
     <span class='ocr_line' id='line_1_22' title="bbox 61 1317 1331 1375; baseline 0.002 -15"><span class='ocrx_word' id='word_1_178' title='bbox 61 1317 126 1360; x_wconf 77' lang='lat' dir='ltr'>sus</span> <span class='ocrx_word' id='word_1_179' title='bbox 139 1331 228 1359; x_wconf 86' lang='lat' dir='ltr'>eum</span> <span class='ocrx_word' id='word_1_180' title='bbox 248 1321 287 1360; x_wconf 90' lang='lat' dir='ltr'>in</span> <span class='ocrx_word' id='word_1_181' title='bbox 299 1320 496 1362; x_wconf 88' lang='lat' dir='ltr'>Pannonia</span> <span class='ocrx_word' id='word_1_182' title='bbox 517 1322 666 1360; x_wconf 84' lang='lat' dir='ltr'>tulerat.</span> <span class='ocrx_word' id='word_1_183' title='bbox 683 1326 746 1372; x_wconf 82' lang='lat' dir='ltr'>(p.</span> <span class='ocrx_word' id='word_1_184' title='bbox 771 1322 863 1373; x_wconf 87' lang='lat'>562,</span> <span class='ocrx_word' id='word_1_185' title='bbox 880 1322 970 1362; x_wconf 91' lang='lat' dir='ltr'>coll.</span> <span class='ocrx_word' id='word_1_186' title='bbox 989 1335 1077 1363; x_wconf 89' lang='lat' dir='ltr'>cum</span> <span class='ocrx_word' id='word_1_187' title='bbox 1096 1322 1168 1371; x_wconf 86' lang='lat'>560</span> <span class='ocrx_word' id='word_1_188' title='bbox 1190 1322 1272 1375; x_wconf 90' lang='lat' dir='ltr'>D.)</span> <span class='ocrx_word' id='word_1_189' title='bbox 1301 1323 1331 1362; x_wconf 89' lang='lat'>1.</span> 
     </span>
     <span class='ocr_line' id='line_1_23' title="bbox 60 1372 1330 1417; baseline 0.002 -4"><span class='ocrx_word' id='word_1_190' title='bbox 60 1372 263 1417; x_wconf 64' lang='lat' dir='ltr'>Mmon.</span> <span class='ocrx_word' id='word_1_191' title='bbox 279 1377 372 1415; x_wconf 81' lang='lat' dir='ltr'>Exc.</span> <span class='ocrx_word' id='word_1_192' title='bbox 387 1378 473 1414; x_wconf 86' lang='lat' dir='ltr'>ined.</span> <span class='ocrx_word' id='word_1_193' title='bbox 490 1374 675 1416; x_wconf 78' lang='lat' dir='ltr'>Graeciae</span> <span class='ocrx_word' id='word_1_194' title='bbox 687 1374 868 1415; x_wconf 47' lang='lat' dir='ltr'>Praefecti</span> <span class='ocrx_word' id='word_1_195' title='bbox 888 1387 996 1415; x_wconf 85' lang='lat' dir='ltr'>erant</span> <span class='ocrx_word' id='word_1_196' title='bbox 1013 1375 1080 1416; x_wconf 93' lang='lat' dir='ltr'>sub</span> <span class='ocrx_word' id='word_1_197' title='bbox 1092 1376 1149 1416; x_wconf 89' lang='lat' dir='ltr'>M.</span> <span class='ocrx_word' id='word_1_198' title='bbox 1166 1377 1330 1416; x_wconf 87' lang='lat' dir='ltr'>Aurelio</span> 
     </span>
     <span class='ocr_line' id='line_1_24' title="bbox 64 1426 1331 1482; baseline 0.002 -16"><span class='ocrx_word' id='word_1_199' title='bbox 64 1426 255 1470; x_wconf 85' lang='lat' dir='ltr'>clariffimi</span> <span class='ocrx_word' id='word_1_200' title='bbox 285 1427 419 1469; x_wconf 84' lang='lat' dir='ltr'>fratres</span> <span class='ocrx_word' id='word_1_201' title='bbox 443 1430 640 1480; x_wconf 84' lang='lat' dir='ltr'>Quintillii‚</span> <span class='ocrx_word' id='word_1_202' title='bbox 665 1442 833 1482; x_wconf 88' lang='lat' dir='ltr'>quorum</span> <span class='ocrx_word' id='word_1_203' title='bbox 865 1430 964 1469; x_wconf 88' lang='lat' dir='ltr'>inter</span> <span class='ocrx_word' id='word_1_204' title='bbox 987 1441 1137 1470; x_wconf 86' lang='lat' dir='ltr'>ceteros</span> <span class='ocrx_word' id='word_1_205' title='bbox 1160 1431 1331 1470; x_wconf 87' lang='lat' dir='ltr'>meminit</span> 
     </span>
     <span class='ocr_line' id='line_1_25' title="bbox 64 1480 1327 1535; baseline 0 -13"><span class='ocrx_word' id='word_1_206' title='bbox 64 1480 256 1533; x_wconf 80' lang='lat' dir='ltr'>Lamprid.</span> <span class='ocrx_word' id='word_1_207' title='bbox 271 1483 311 1522; x_wconf 91' lang='lat' dir='ltr'>in</span> <span class='ocrx_word' id='word_1_208' title='bbox 325 1482 550 1524; x_wconf 89' lang='lat' dir='ltr'>Commodo</span> <span class='ocrx_word' id='word_1_209' title='bbox 566 1496 600 1523; x_wconf 93' lang='lat' dir='ltr'>c.</span> <span class='ocrx_word' id='word_1_210' title='bbox 616 1500 662 1531; x_wconf 83' lang='lat'>4,</span> <span class='ocrx_word' id='word_1_211' title='bbox 676 1497 790 1535; x_wconf 88' lang='lat' dir='ltr'>quem</span> <span class='ocrx_word' id='word_1_212' title='bbox 810 1483 918 1530; x_wconf 89' lang='lat' dir='ltr'>vide,</span> <span class='ocrx_word' id='word_1_213' title='bbox 941 1483 1034 1524; x_wconf 86' lang='lat' dir='ltr'>&amp;in</span> <span class='ocrx_word' id='word_1_214' title='bbox 1053 1497 1142 1524; x_wconf 88' lang='lat' dir='ltr'>eum</span> <span class='ocrx_word' id='word_1_215' title='bbox 1164 1483 1327 1524; x_wconf 87' lang='lat' dir='ltr'>Casaub.</span> 
     </span>
     <span class='ocr_line' id='line_1_26' title="bbox 64 1535 1331 1584; baseline 0.004 -11"><span class='ocrx_word' id='word_1_216' title='bbox 64 1546 147 1574; x_wconf 87' lang='lat' dir='ltr'>not.</span> <span class='ocrx_word' id='word_1_217' title='bbox 160 1535 226 1577; x_wconf 91' lang='lat' dir='ltr'>De</span> <span class='ocrx_word' id='word_1_218' title='bbox 246 1535 362 1576; x_wconf 86' lang='lat' dir='ltr'>fratre</span> <span class='ocrx_word' id='word_1_219' title='bbox 376 1549 451 1577; x_wconf 87' lang='lat' dir='ltr'>tam</span> <span class='ocrx_word' id='word_1_220' title='bbox 470 1550 562 1577; x_wconf 89' lang='lat' dir='ltr'>caro</span> <span class='ocrx_word' id='word_1_221' title='bbox 578 1537 671 1576; x_wconf 87' lang='lat' dir='ltr'>nihil</span> <span class='ocrx_word' id='word_1_222' title='bbox 686 1538 825 1577; x_wconf 87' lang='lat' dir='ltr'>habere</span> <span class='ocrx_word' id='word_1_223' title='bbox 843 1537 1054 1578; x_wconf 87' lang='lat' dir='ltr'>Lucianum</span> <span class='ocrx_word' id='word_1_224' title='bbox 1067 1567 1078 1584; x_wconf 94' lang='lat'>,</span> <span class='ocrx_word' id='word_1_225' title='bbox 1097 1538 1227 1578; x_wconf 89' lang='lat' dir='ltr'>miror.</span> <span class='ocrx_word' id='word_1_226' title='bbox 1243 1539 1331 1578; x_wconf 90' lang='lat' dir='ltr'>Ho-</span> 
     </span>
     <span class='ocr_line' id='line_1_27' title="bbox 66 1590 1331 1641; baseline 0.001 -12"><span class='ocrx_word' id='word_1_227' title='bbox 66 1602 155 1634; x_wconf 80' lang='lat' dir='ltr'>rum</span> <span class='ocrx_word' id='word_1_228' title='bbox 174 1590 269 1630; x_wconf 84' lang='lat' dir='ltr'>alter</span> <span class='ocrx_word' id='word_1_229' title='bbox 279 1591 415 1631; x_wconf 88' lang='lat' dir='ltr'>consul</span> <span class='ocrx_word' id='word_1_230' title='bbox 429 1590 501 1631; x_wconf 86' lang='lat' dir='ltr'>fuit</span> <span class='ocrx_word' id='word_1_231' title='bbox 513 1603 616 1631; x_wconf 81' lang='lat' dir='ltr'>anno</span> <span class='ocrx_word' id='word_1_232' title='bbox 635 1590 683 1630; x_wconf 91' lang='lat' dir='ltr'>C.</span> <span class='ocrx_word' id='word_1_233' title='bbox 705 1604 793 1641; x_wconf 91' lang='lat'>177,</span> <span class='ocrx_word' id='word_1_234' title='bbox 808 1591 900 1630; x_wconf 90' lang='lat' dir='ltr'>alter</span> <span class='ocrx_word' id='word_1_235' title='bbox 918 1591 1002 1630; x_wconf 86' lang='lat'>180.</span> <span class='ocrx_word' id='word_1_236' title='bbox 1016 1591 1123 1632; x_wconf 85' lang='lat' dir='ltr'>Prior</span> <span class='ocrx_word' id='word_1_237' title='bbox 1136 1593 1248 1632; x_wconf 87' lang='lat' dir='ltr'>etiam</span> <span class='ocrx_word' id='word_1_238' title='bbox 1262 1605 1331 1631; x_wconf 83' lang='lat' dir='ltr'>an-</span> 
     </span>
     <span class='ocr_line' id='line_1_28' title="bbox 65 1644 1329 1698; baseline -0.002 -11"><span class='ocrx_word' id='word_1_239' title='bbox 65 1655 124 1687; x_wconf 78' lang='lat' dir='ltr'>no</span> <span class='ocrx_word' id='word_1_240' title='bbox 140 1657 185 1696; x_wconf 85' lang='lat'>15</span> <span class='ocrx_word' id='word_1_241' title='bbox 217 1645 293 1685; x_wconf 91' lang='lat' dir='ltr'>.V.</span> <span class='ocrx_word' id='word_1_242' title='bbox 309 1647 421 1685; x_wconf 84' lang='lat' dir='ltr'>etiam</span> <span class='ocrx_word' id='word_1_243' title='bbox 439 1645 560 1685; x_wconf 89' lang='lat' dir='ltr'>Dion.</span> <span class='ocrx_word' id='word_1_244' title='bbox 575 1644 674 1684; x_wconf 80' lang='lat' dir='ltr'>Caff.</span> <span class='ocrx_word' id='word_1_245' title='bbox 697 1645 736 1684; x_wconf 91' lang='lat' dir='ltr'>L.</span> <span class='ocrx_word' id='word_1_246' title='bbox 763 1645 928 1691; x_wconf 88' lang='lat' dir='ltr'>LXXII,</span> <span class='ocrx_word' id='word_1_247' title='bbox 949 1644 1074 1698; x_wconf 88' lang='lat' dir='ltr'>p.819</span> <span class='ocrx_word' id='word_1_248' title='bbox 1088 1677 1100 1694; x_wconf 94' lang='lat'>,</span> <span class='ocrx_word' id='word_1_249' title='bbox 1122 1647 1159 1685; x_wconf 77' lang='grc' dir='ltr'>δι</span> <span class='ocrx_word' id='word_1_250' title='bbox 1183 1659 1261 1685; x_wconf 91' lang='lat' dir='ltr'>not.</span> <span class='ocrx_word' id='word_1_251' title='bbox 1282 1647 1329 1686; x_wconf 89' lang='lat' dir='ltr'>ad</span> 
     </span>
     <span class='ocr_line' id='line_1_29' title="bbox 64 1697 1329 1751; baseline 0.002 -15"><span class='ocrx_word' id='word_1_252' title='bbox 64 1697 176 1741; x_wconf 91' lang='lat' dir='ltr'>Philo</span> <span class='ocrx_word' id='word_1_253' title='bbox 210 1711 241 1738; x_wconf 90' lang='lat' dir='ltr'>r.</span> <span class='ocrx_word' id='word_1_254' title='bbox 256 1698 282 1739; x_wconf 89' lang='lat'>1.</span> <span class='ocrx_word' id='word_1_255' title='bbox 297 1712 329 1740; x_wconf 92' lang='lat' dir='ltr'>c.</span> <span class='ocrx_word' id='word_1_256' title='bbox 343 1700 548 1739; x_wconf 70' lang='grc' dir='ltr'><strong><em>Κυντίλλισι</em></strong></span> <span class='ocrx_word' id='word_1_257' title='bbox 566 1699 688 1751; x_wconf 83' lang='lat' dir='ltr'>vulgo</span> <span class='ocrx_word' id='word_1_258' title='bbox 708 1698 893 1738; x_wconf 85' lang='lat' dir='ltr'>scribitur.</span> <span class='ocrx_word' id='word_1_259' title='bbox 910 1700 974 1740; x_wconf 83' lang='lat' dir='ltr'>Ed.</span> <span class='ocrx_word' id='word_1_260' title='bbox 993 1699 1181 1751; x_wconf 87' lang='lat' dir='ltr'>postrema</span> <span class='ocrx_word' id='word_1_261' title='bbox 1195 1714 1242 1739; x_wconf 85' lang='lat' dir='ltr'>ex</span> <span class='ocrx_word' id='word_1_262' title='bbox 1257 1700 1329 1739; x_wconf 75' lang='grc' dir='ltr'>ΜΓ.</span> 
     </span>
     <span class='ocr_line' id='line_1_30' title="bbox 63 1751 1326 1794; baseline 0.002 -4"><span class='ocrx_word' id='word_1_263' title='bbox 63 1751 248 1792; x_wconf 75' lang='grc' dir='ltr'><strong><em>Κυντίλιοι</em></strong></span> <span class='ocrx_word' id='word_1_264' title='bbox 275 1752 398 1792; x_wconf 83' lang='lat' dir='ltr'>habet.</span> <span class='ocrx_word' id='word_1_265' title='bbox 426 1755 630 1794; x_wconf 76' lang='lat' dir='ltr'>Cardianum</span> <span class='ocrx_word' id='word_1_266' title='bbox 656 1754 696 1792; x_wconf 68' lang='grc' dir='ltr'>δι’.</span> <span class='ocrx_word' id='word_1_267' title='bbox 724 1753 922 1793; x_wconf 63' lang='lat' dir='ltr'>Maximum</span> <span class='ocrx_word' id='word_1_268' title='bbox 944 1753 1026 1792; x_wconf 90' lang='lat' dir='ltr'>Dio</span> <span class='ocrx_word' id='word_1_269' title='bbox 1049 1755 1219 1793; x_wconf 83' lang='lat' dir='ltr'>nominat</span> <span class='ocrx_word' id='word_1_270' title='bbox 1244 1756 1267 1792; x_wconf 90' lang='lat' dir='ltr'>l.</span> <span class='ocrx_word' id='word_1_271' title='bbox 1294 1768 1326 1794; x_wconf 89' lang='lat' dir='ltr'>c.</span> 
     </span>
     <span class='ocr_line' id='line_1_31' title="bbox 66 1805 1330 1859; baseline 0.002 -14"><span class='ocrx_word' id='word_1_272' title='bbox 66 1805 143 1851; x_wconf 89' lang='lat' dir='ltr'>Pro</span> <span class='ocrx_word' id='word_1_273' title='bbox 163 1807 334 1847; x_wconf 75' lang='lat' dir='ltr'>Cardiam</span> <span class='ocrx_word' id='word_1_274' title='bbox 347 1809 569 1847; x_wconf 88' lang='lat' dir='ltr'>Wottonus</span> <span class='ocrx_word' id='word_1_275' title='bbox 587 1819 671 1859; x_wconf 87' lang='lat' dir='ltr'>pag.</span> <span class='ocrx_word' id='word_1_276' title='bbox 691 1819 761 1858; x_wconf 89' lang='lat'>25¹</span> <span class='ocrx_word' id='word_1_277' title='bbox 786 1809 880 1846; x_wconf 82' lang='lat' dir='ltr'>Sext.</span> <span class='ocrx_word' id='word_1_278' title='bbox 899 1809 944 1858; x_wconf 84' lang='lat' dir='ltr'>Q.</span> <span class='ocrx_word' id='word_1_279' title='bbox 971 1809 1181 1848; x_wconf 61' lang='lat' dir='ltr'>Cotidianam</span> <span class='ocrx_word' id='word_1_280' title='bbox 1195 1809 1330 1848; x_wconf 86' lang='lat' dir='ltr'>vocari</span> 
     </span>
     <span class='ocr_line' id='line_1_32' title="bbox 66 1859 1330 1915; baseline 0.001 -15"><span class='ocrx_word' id='word_1_281' title='bbox 66 1859 206 1900; x_wconf 89' lang='lat' dir='ltr'>debere</span> <span class='ocrx_word' id='word_1_282' title='bbox 230 1860 356 1900; x_wconf 81' lang='lat' dir='ltr'>docet.</span> <span class='ocrx_word' id='word_1_283' title='bbox 372 1861 529 1901; x_wconf 73' lang='lat' dir='ltr'>SOLAN.</span> <span class='ocrx_word' id='word_1_284' title='bbox 550 1860 614 1900; x_wconf 88' lang='lat' dir='ltr'>De</span> <span class='ocrx_word' id='word_1_285' title='bbox 643 1861 753 1900; x_wconf 85' lang='lat' dir='ltr'>huius</span> <span class='ocrx_word' id='word_1_286' title='bbox 774 1862 940 1900; x_wconf 86' lang='lat' dir='ltr'>nominis</span> <span class='ocrx_word' id='word_1_287' title='bbox 959 1860 1191 1901; x_wconf 88' lang='lat' dir='ltr'>formatione</span> <span class='ocrx_word' id='word_1_288' title='bbox 1219 1862 1330 1915; x_wconf 88' lang='lat' dir='ltr'>plura</span> 
     </span>
     <span class='ocr_line' id='line_1_33' title="bbox 68 1913 1329 1968; baseline -0.001 -13"><span class='ocrx_word' id='word_1_289' title='bbox 68 1914 198 1955; x_wconf 85' lang='lat' dir='ltr'>Maius</span> <span class='ocrx_word' id='word_1_290' title='bbox 216 1914 256 1954; x_wconf 76' lang='grc' dir='ltr'>δι</span> <span class='ocrx_word' id='word_1_291' title='bbox 270 1915 468 1955; x_wconf 85' lang='lat' dir='ltr'>Bennerus</span> <span class='ocrx_word' id='word_1_292' title='bbox 492 1913 586 1955; x_wconf 84' lang='lat' dir='ltr'>Diff.</span> <span class='ocrx_word' id='word_1_293' title='bbox 608 1914 728 1963; x_wconf 65' lang='lat' dir='ltr'>dieta,</span> <span class='ocrx_word' id='word_1_294' title='bbox 750 1916 817 1968; x_wconf 90' lang='lat' dir='ltr'>qui</span> <span class='ocrx_word' id='word_1_295' title='bbox 843 1915 1120 1961; x_wconf 87' lang='lat' dir='ltr'>demonstrant,</span> <span class='ocrx_word' id='word_1_296' title='bbox 1137 1917 1329 1967; x_wconf 76' lang='lat' dir='ltr'>Quintillus</span> 
     </span>
     <span class='ocr_line' id='line_1_34' title="bbox 68 1967 1328 2022; baseline 0.001 -15"><span class='ocrx_word' id='word_1_297' title='bbox 68 1968 112 2010; x_wconf 76' lang='grc' dir='ltr'>δι</span> <span class='ocrx_word' id='word_1_298' title='bbox 128 1968 324 2020; x_wconf 82' lang='lat' dir='ltr'>Quintilius</span> <span class='ocrx_word' id='word_1_299' title='bbox 341 1982 421 2009; x_wconf 89' lang='lat' dir='ltr'>non</span> <span class='ocrx_word' id='word_1_300' title='bbox 442 1969 671 2022; x_wconf 79' lang='lat' dir='ltr'>discrepare3</span> <span class='ocrx_word' id='word_1_301' title='bbox 691 1967 750 2008; x_wconf 91' lang='lat' dir='ltr'>sed</span> <span class='ocrx_word' id='word_1_302' title='bbox 764 1970 852 2021; x_wconf 90' lang='lat' dir='ltr'>quia</span> <span class='ocrx_word' id='word_1_303' title='bbox 875 1969 986 2008; x_wconf 87' lang='lat' dir='ltr'>nimis</span> <span class='ocrx_word' id='word_1_304' title='bbox 1005 1970 1123 2009; x_wconf 87' lang='lat' dir='ltr'>multa</span> <span class='ocrx_word' id='word_1_305' title='bbox 1136 2001 1148 2019; x_wconf 95' lang='lat'>,</span> <span class='ocrx_word' id='word_1_306' title='bbox 1164 1969 1205 2009; x_wconf 66' lang='grc' dir='ltr'>δε</span> <span class='ocrx_word' id='word_1_307' title='bbox 1219 1970 1328 2010; x_wconf 87' lang='lat' dir='ltr'>Sola-</span> 
     </span>
     <span class='ocr_line' id='line_1_35' title="bbox 66 2021 974 2075; baseline -0.002 -11"><span class='ocrx_word' id='word_1_308' title='bbox 66 2035 142 2064; x_wconf 83' lang='lat' dir='ltr'>nus</span> <span class='ocrx_word' id='word_1_309' title='bbox 154 2021 342 2075; x_wconf 80' lang='lat' dir='ltr'>potiffima</span> <span class='ocrx_word' id='word_1_310' title='bbox 356 2023 429 2073; x_wconf 83' lang='lat' dir='ltr'>iam</span> <span class='ocrx_word' id='word_1_311' title='bbox 445 2024 539 2062; x_wconf 89' lang='lat' dir='ltr'>dixit</span> <span class='ocrx_word' id='word_1_312' title='bbox 550 2054 562 2071; x_wconf 92' lang='lat'>,</span> <span class='ocrx_word' id='word_1_313' title='bbox 586 2035 666 2063; x_wconf 90' lang='lat' dir='ltr'>non</span> <span class='ocrx_word' id='word_1_314' title='bbox 682 2022 818 2062; x_wconf 89' lang='lat' dir='ltr'>insero.</span> <span class='ocrx_word' id='word_1_315' title='bbox 833 2023 974 2062; x_wconf 71' lang='grc' dir='ltr'><strong>ΚΕΗ-Ζ,</strong></span> 
     </span>
    </p>

    <p class='ocr_par' dir='ltr' id='par_1_6' title="bbox 67 2075 1330 2280">
     <span class='ocr_line' id='line_1_36' title="bbox 123 2075 1325 2130; baseline 0.002 -15"><span class='ocrx_word' id='word_1_316' title='bbox 123 2078 196 2119; x_wconf 78' lang='lat' dir='ltr'>ead.</span> <span class='ocrx_word' id='word_1_317' title='bbox 209 2076 236 2123; x_wconf 69' lang='lat' dir='ltr'>l,</span> <span class='ocrx_word' id='word_1_318' title='bbox 252 2091 286 2130; x_wconf 82' lang='lat'>3.</span> <span class='ocrx_word' id='word_1_319' title='bbox 300 2079 538 2129; x_wconf 74' lang='grc' dir='ltr'><strong><em>Προσφέρωσι</em></strong></span> <span class='ocrx_word' id='word_1_320' title='bbox 562 2075 689 2129; x_wconf 53' lang='grc' dir='ltr'>ἕδραν)</span> <span class='ocrx_word' id='word_1_321' title='bbox 711 2079 902 2128; x_wconf 75' lang='grc' dir='ltr'><strong><em>Προσφέρω</em></strong></span> <span class='ocrx_word' id='word_1_322' title='bbox 919 2092 974 2117; x_wconf 73' lang='grc' dir='ltr'>σοι</span> <span class='ocrx_word' id='word_1_323' title='bbox 991 2075 1113 2130; x_wconf 52' lang='lat' dir='ltr'>siper.</span> <span class='ocrx_word' id='word_1_324' title='bbox 1137 2077 1325 2118; x_wconf 81' lang='lat' dir='ltr'>MARCIL.</span> 
     </span>
     <span class='ocr_line' id='line_1_37' title="bbox 68 2130 1330 2183; baseline 0 -13"><span class='ocrx_word' id='word_1_325' title='bbox 68 2130 207 2177; x_wconf 75' lang='lat' dir='ltr'>Libros</span> <span class='ocrx_word' id='word_1_326' title='bbox 229 2133 341 2174; x_wconf 87' lang='lat' dir='ltr'>etiam</span> <span class='ocrx_word' id='word_1_327' title='bbox 372 2132 504 2171; x_wconf 88' lang='lat' dir='ltr'>diebus</span> <span class='ocrx_word' id='word_1_328' title='bbox 531 2131 641 2170; x_wconf 81' lang='lat' dir='ltr'>natal.</span> <span class='ocrx_word' id='word_1_329' title='bbox 666 2130 815 2183; x_wconf 86' lang='lat' dir='ltr'>aliaque</span> <span class='ocrx_word' id='word_1_330' title='bbox 838 2131 1039 2171; x_wconf 74' lang='lat' dir='ltr'>occasione</span> <span class='ocrx_word' id='word_1_331' title='bbox 1071 2132 1205 2170; x_wconf 84' lang='lat' dir='ltr'>donari</span> <span class='ocrx_word' id='word_1_332' title='bbox 1241 2131 1330 2171; x_wconf 87' lang='lat' dir='ltr'>soli-</span> 
     </span>
     <span class='ocr_line' id='line_1_38' title="bbox 69 2183 1330 2278; baseline 0.001 -53"><span class='ocrx_word' id='word_1_333' title='bbox 69 2196 133 2225; x_wconf 87' lang='lat' dir='ltr'>tos</span> <span class='ocrx_word' id='word_1_334' title='bbox 143 2197 223 2278; x_wconf 57' lang='lat' dir='ltr'>,Rex</span> <span class='ocrx_word' id='word_1_335' title='bbox 246 2185 406 2226; x_wconf 84' lang='lat' dir='ltr'>Lucian.</span> <span class='ocrx_word' id='word_1_336' title='bbox 430 2184 593 2226; x_wconf 88' lang='lat' dir='ltr'>Cronos.</span> <span class='ocrx_word' id='word_1_337' title='bbox 614 2183 770 2225; x_wconf 86' lang='lat' dir='ltr'>Isocrat.</span> <span class='ocrx_word' id='word_1_338' title='bbox 793 2185 838 2226; x_wconf 85' lang='lat' dir='ltr'>ad</span> <span class='ocrx_word' id='word_1_339' title='bbox 856 2185 1026 2227; x_wconf 86' lang='lat' dir='ltr'>Demon.</span> <span class='ocrx_word' id='word_1_340' title='bbox 1048 2184 1227 2227; x_wconf 80' lang='lat' dir='ltr'>observat</span> <span class='ocrx_word' id='word_1_341' title='bbox 1246 2187 1330 2226; x_wconf 82' lang='lat' dir='ltr'>Ma-</span> 
     </span>
     <span class='ocr_line' id='line_1_39' title="bbox 67 2249 307 2280; baseline 0.008 -2"><span class='ocrx_word' id='word_1_342' title='bbox 67 2251 140 2280; x_wconf 70' lang='lat' dir='ltr'>ius.</span> <span class='ocrx_word' id='word_1_343' title='bbox 198 2249 307 2280; x_wconf 73' lang='grc' dir='ltr'><strong>ΕΠΖ.</strong></span> 
     </span>
    </p>

    <p class='ocr_par' dir='ltr' id='par_1_7' title="bbox 68 2291 1328 2400">
     <span class='ocr_line' id='line_1_40' title="bbox 124 2291 1328 2346; baseline 0.002 -14"><span class='ocrx_word' id='word_1_344' title='bbox 124 2294 237 2337; x_wconf 76' lang='lat' dir='ltr'>ead.l.</span> <span class='ocrx_word' id='word_1_345' title='bbox 252 2293 413 2345; x_wconf 65' lang='lat' dir='ltr'>4’Ovoeq</span> <span class='ocrx_word' id='word_1_346' title='bbox 432 2292 537 2346; x_wconf 55' lang='grc' dir='ltr'>ἰδὼν)</span> <span class='ocrx_word' id='word_1_347' title='bbox 555 2292 617 2333; x_wconf 86' lang='lat' dir='ltr'>Sic</span> <span class='ocrx_word' id='word_1_348' title='bbox 643 2293 811 2345; x_wconf 88' lang='lat' dir='ltr'>Alciphr.</span> <span class='ocrx_word' id='word_1_349' title='bbox 827 2291 878 2333; x_wconf 87' lang='lat' dir='ltr'>III</span> <span class='ocrx_word' id='word_1_350' title='bbox 892 2324 904 2341; x_wconf 97' lang='lat'>,</span> <span class='ocrx_word' id='word_1_351' title='bbox 923 2291 1037 2346; x_wconf 83' lang='lat' dir='ltr'>Epist.</span> <span class='ocrx_word' id='word_1_352' title='bbox 1059 2305 1116 2332; x_wconf 90' lang='grc' dir='ltr'>ιο.</span> <span class='ocrx_word' id='word_1_353' title='bbox 1129 2293 1328 2346; x_wconf 89' lang='lat' dir='ltr'>Theophr.</span> 
     </span>
     <span class='ocr_line' id='line_1_41' title="bbox 68 2346 1119 2400; baseline -0.003 -12"><span class='ocrx_word' id='word_1_354' title='bbox 68 2346 186 2388; x_wconf 85' lang='lat' dir='ltr'>Char.</span> <span class='ocrx_word' id='word_1_355' title='bbox 202 2360 234 2387; x_wconf 94' lang='lat' dir='ltr'>c.</span> <span class='ocrx_word' id='word_1_356' title='bbox 251 2362 268 2400; x_wconf 82' lang='lat'><em>3</em></span> <span class='ocrx_word' id='word_1_357' title='bbox 284 2347 323 2386; x_wconf 75' lang='grc' dir='ltr'>δι</span> <span class='ocrx_word' id='word_1_358' title='bbox 338 2349 395 2387; x_wconf 85' lang='lat'>16.</span> <span class='ocrx_word' id='word_1_359' title='bbox 410 2348 455 2387; x_wconf 87' lang='lat' dir='ltr'>Et</span> <span class='ocrx_word' id='word_1_360' title='bbox 469 2348 615 2388; x_wconf 90' lang='lat' dir='ltr'>Latini:</span> <span class='ocrx_word' id='word_1_361' title='bbox 633 2348 806 2387; x_wconf 80' lang='lat' dir='ltr'>Somnium</span> <span class='ocrx_word' id='word_1_362' title='bbox 818 2347 936 2387; x_wconf 79' lang='lat' dir='ltr'>videre.</span> <span class='ocrx_word' id='word_1_363' title='bbox 959 2347 1119 2387; x_wconf 61' lang='lat' dir='ltr'>Mnus.</span> 
     </span>
    </p>

    <p class='ocr_par' dir='ltr' id='par_1_8' title="bbox 70 2399 1330 2507">
     <span class='ocr_line' id='line_1_42' title="bbox 125 2399 1330 2454; baseline 0 -13"><span class='ocrx_word' id='word_1_364' title='bbox 125 2401 205 2442; x_wconf 74' lang='lat' dir='ltr'>ibid.</span> <span class='ocrx_word' id='word_1_365' title='bbox 215 2401 375 2443; x_wconf 72' lang='grc' dir='ltr'><strong><em>Ἐτίθεσο</em></strong></span> <span class='ocrx_word' id='word_1_366' title='bbox 390 2401 445 2451; x_wconf 77' lang='grc' dir='ltr'>τῷ</span> <span class='ocrx_word' id='word_1_367' title='bbox 456 2401 635 2454; x_wconf 57' lang='grc' dir='ltr'>δευτέρῳ)</span> <span class='ocrx_word' id='word_1_368' title='bbox 652 2401 919 2442; x_wconf 83' lang='lat' dir='ltr'>Nominalibus</span> <span class='ocrx_word' id='word_1_369' title='bbox 932 2399 1002 2440; x_wconf 80' lang='lat' dir='ltr'>filii</span> <span class='ocrx_word' id='word_1_370' title='bbox 1014 2401 1068 2440; x_wconf 89' lang='lat' dir='ltr'>tui</span> <span class='ocrx_word' id='word_1_371' title='bbox 1085 2400 1251 2440; x_wconf 88' lang='lat' dir='ltr'>secundo</span> <span class='ocrx_word' id='word_1_372' title='bbox 1267 2413 1330 2453; x_wconf 83' lang='lat' dir='ltr'>ge-</span> 
     </span>
     <span class='ocr_line' id='line_1_43' title="bbox 70 2454 1226 2507; baseline -0.002 -13"><span class='ocrx_word' id='word_1_373' title='bbox 70 2455 152 2498; x_wconf 78' lang='lat' dir='ltr'>niti.</span> <span class='ocrx_word' id='word_1_374' title='bbox 167 2454 332 2498; x_wconf 69' lang='lat' dir='ltr'>GUYET.</span> <span class='ocrx_word' id='word_1_375' title='bbox 346 2456 432 2495; x_wconf 90' lang='lat' dir='ltr'>Vid.</span> <span class='ocrx_word' id='word_1_376' title='bbox 454 2455 551 2496; x_wconf 88' lang='lat' dir='ltr'>Elsn.</span> <span class='ocrx_word' id='word_1_377' title='bbox 566 2456 609 2494; x_wconf 88' lang='lat' dir='ltr'>ad</span> <span class='ocrx_word' id='word_1_378' title='bbox 626 2455 773 2507; x_wconf 83' lang='lat' dir='ltr'>Evang.</span> <span class='ocrx_word' id='word_1_379' title='bbox 788 2454 823 2494; x_wconf 86' lang='lat' dir='ltr'>S.</span> <span class='ocrx_word' id='word_1_380' title='bbox 841 2455 932 2497; x_wconf 88' lang='lat' dir='ltr'>Luc.</span> <span class='ocrx_word' id='word_1_381' title='bbox 946 2455 962 2495; x_wconf 93' lang='lat'>1</span> <span class='ocrx_word' id='word_1_382' title='bbox 977 2485 988 2501; x_wconf 93' lang='lat'>,</span> <span class='ocrx_word' id='word_1_383' title='bbox 1004 2455 1065 2498; x_wconf 85' lang='lat'>62.</span> <span class='ocrx_word' id='word_1_384' title='bbox 1080 2454 1226 2493; x_wconf 78' lang='lat' dir='ltr'>Rmz.</span> 
     </span>
    </p>

    <p class='ocr_par' dir='ltr' id='par_1_9' title="bbox 125 2507 1326 2565">
     <span class='ocr_line' id='line_1_44' title="bbox 125 2507 1326 2565; baseline 0 -17"><span class='ocrx_word' id='word_1_385' title='bbox 125 2511 200 2553; x_wconf 80' lang='lat' dir='ltr'>ead.</span> <span class='ocrx_word' id='word_1_386' title='bbox 218 2510 242 2555; x_wconf 69' lang='lat' dir='ltr'>l.</span> <span class='ocrx_word' id='word_1_387' title='bbox 262 2524 294 2565; x_wconf 83' lang='lat'>5.</span> <span class='ocrx_word' id='word_1_388' title='bbox 309 2508 542 2563; x_wconf 72' lang='grc' dir='ltr'>Συμβκλεῖν)</span> <span class='ocrx_word' id='word_1_389' title='bbox 558 2510 759 2550; x_wconf 75' lang='grc' dir='ltr'><em>Βὶνίηαηᾶο</em></span> <span class='ocrx_word' id='word_1_390' title='bbox 778 2509 916 2563; x_wconf 80' lang='lat' dir='ltr'>affiqui.</span> <span class='ocrx_word' id='word_1_391' title='bbox 938 2507 1002 2550; x_wconf 83' lang='lat' dir='ltr'>De</span> <span class='ocrx_word' id='word_1_392' title='bbox 1022 2522 1098 2564; x_wconf 83' lang='lat' dir='ltr'>qua</span> <span class='ocrx_word' id='word_1_393' title='bbox 1112 2507 1233 2563; x_wconf 74' lang='lat' dir='ltr'>signif.</span> <span class='ocrx_word' id='word_1_394' title='bbox 1254 2508 1326 2564; x_wconf 76' lang='lat' dir='ltr'>leg.</span> 
     </span>
    </p>
   </div>
  </div>
 </body>
</html>
