1783 3403
423 266 492 312 IN
524 265 1122 314 PSEUDo-LOGISTAM.
1316 290 1407 337 437

154 356 281 403 batur‚'
358 357 481 396 amvis
494 357 569 397 hoc
590 357 650 396 alii
669 357 813 397 decima
827 356 1006 398 facerent.
1026 359 1125 397 Vide
1139 358 1408 412 Harpocratio-

153 410 297 449 nemin
311 408 600 459 εβὸομενὸμενος.
627 408 698 449 Sed
717 411 809 450 haec
830 410 986 463 septima
1007 410 1084 450 dies
1106 412 1179 452 huc
1199 426 1276 452 non
1295 417 1407 464 perti-

152 473 243 508 net,
267 461 329 502 sed
347 463 407 502 illa
434 461 586 515 septima
600 462 747 506 mensis.
771 463 834 502 De
846 477 922 516 qua
938 464 1022 504 vide
1042 465 1147 504 viros
1165 465 1408 514 doffiffimos,

152 514 364 555 Meutfium
379 514 543 555 Graecia
556 514 685 554 feriata
699 516 737 554 in
750 513 906 565 ἑβδόμη,
921 517 960 555 &
974 516 1172 556 Seldenum
1185 519 1231 558 de
1245 521 1327 559 iure
1342 533 1407 559 na-

152 577 264 608 turae
284 569 325 609 &
343 568 509 621 gentium
526 567 601 615 111,
624 581 681 616 ¹7-
700 568 872 608 GRAEv.
896 569 1049 608 Frustra
1062 569 1164 617 sunt,
1182 572 1249 623 qui
1270 585 1315 611 ex
1331 572 1407 613 hoc

151 619 310 661 Luciani
323 621 428 669 loco,
446 619 577 659 aliisve
587 620 780 669 similibus,
796 634 944 661 morem
957 635 1022 673 per
1034 621 1258 674 septimanas
1270 638 1406 665 nume-

151 674 258 713 randi
272 674 407 713 elicere
417 684 617 713 conantur.
640 673 829 725 Septimus
842 675 942 715 enim
955 676 1014 715 hic
1033 676 1132 724 dies,
1146 676 1282 716 mensis
1297 677 1406 730 septi-

152 739 239 766 mus
250 727 317 775 est,
331 738 373 766 ut
384 739 430 766 ex
446 726 576 767 Gellio
591 737 694 779 patet
705 727 748 765 L.
759 728 852 773 XV,
870 740 950 780 cap.
967 742 1004 773 2,
1017 728 1186 780 Apollini
1203 729 1325 778 sacer3
1345 730 1405 782 (v.

150 777 298 819 Graev.
315 790 393 818 not.
407 780 452 818 ad
467 778 554 818 Hes.
573 794 693 830 συμπ.
710 780 818 833 770.)
835 793 912 819 non
932 781 967 819 in
980 782 1111 821 orbem
1137 795 1333 822 recurrens
1347 785 1405 822 se-

148 832 291 883 ptimus
313 832 488 886 quisque.
519 832 642 885 Quod
667 845 716 872 eo
736 834 854 885 magis
878 834 1064 873 monitum
1090 837 1290 885 oportuit,
1314 838 1404 888 quia

147 883 298 926 summo
316 887 402 925 vito
424 886 473 925 H.
487 884 630 925 Grotio
643 884 762 925 fraudi
776 885 883 926 fuiffe
898 887 1022 926 video.
1040 887 1148 927 Adde
1162 887 1256 927 Plut.
1272 895 1404 939 Συμπ.

147 937 268 987 VIII,
291 951 332 986 1,
357 952 470 989 1277,
485 953 520 977 2.
549 939 593 978 Et
619 939 716 990 1467
735 938 759 978 f.
781 940 924 979 Meurs.
946 939 1015 980 Gr.
1030 939 1097 980 fer.
1124 943 1161 980 in
1185 940 1333 992 ἑβὲὁμῃ.
1355 943 1403 985 Et

147 989 287 1044 Spanh.
306 993 397 1044 657.
413 992 459 1031 Et
472 991 598 1045 NOstl's
611 998 697 1031 Δικ.
712 1005 744 1032 c.
766 1006 824 1032 12.
843 993 1000 1045 Sotgm.

199 1047 272 1084 ead.
286 1045 310 1082 l.
321 1059 357 1094 7.
383 1046 440 1084 Min
461 1044 536 1093 8435
550 1047 607 1084 οὑν
627 1044 769 1097 nepot)
797 1045 875 1095 Δῷς
895 1048 950 1084 σὺν
969 1045 1098 1096 κᾲμο),
1124 1047 1261 1086 extrita
1284 1061 1401 1100 nega-

145 1096 263 1138 tione.
279 1097 466 1138 MARcu..
483 1100 567 1138 Non
580 1099 705 1137 dederis
716 1100 735 1137 ἓ
744 1098 816 1139 &c.
833 1099 1118 1151 interrogative.
1131 1100 1299 1140 GUYET.
1313 1101 1401 1153 (Be-

144 1163 210 1197 ne,
227 1151 278 1205 Q
281 1149 429 1191 secutus
445 1151 548 1199 sum;
569 1152 743 1204 adeoque
754 1151 806 1201 μὴ
821 1152 892 1190 iam
906 1153 1317 1206 servandun1,RE1rz.)
1341 1155 1398 1195 Mi}

147 1203 223 1253 5613:
235 1205 294 1244 οὖν
316 1205 443 1255 κᾲμοὶ,
457 1208 545 1255 πρὸς
559 1204 766 1252 ’AM-aisn,
783 1204 930 1244 εἰκάσαι
947 1206 1183 1257 παμπόνηρον
1207 1206 1400 1257 ἀνθρωπον,

144 1255 281 1307 ἁπάσῃ
300 1259 418 1306 κακίᾳ
437 1258 645 1309 σύντροφον,
668 1257 784 1310 ἦμέρᾳ
805 1257 984 1308 tiva-‹prige›
1002 1259 1066 1297 καὶ
1085 1260 1276 1312 ἀπαισίῳ)
1300 1260 1400 1299 Vin-

144 1310 303 1349 dicanda
317 1310 370 1350 est
383 1312 505 1363 prima
518 1311 631 1350 huius
643 1311 824 1350 orationis
839 1311 977 1350 vocula
990 1311 1040 1361 faia
1051 1341 1062 1358 ‚
1085 1325 1198 1362 quam
1211 1313 1330 1352 exteri
1346 1313 1400 1352 iu-

145 1363 210 1403 bet
228 1364 437 1404 Marcilius.
460 1364 605 1402 Etenim
627 1363 651 1402 st
664 1364 765 1403 reste
780 1364 1004 1411 attendatur,
1019 1366 1113 1403 adeo
1134 1377 1180 1402 ea
1194 1377 1272 1405 non
1296 1378 1398 1405 ex-te-

143 1417 261 1456 tenda
272 1416 349 1463 est,
371 1428 427 1463 ut,
450 1417 477 1455 s1
493 1416 646 1465 abesset,
672 1417 896 1456 inculcanda
909 1416 1110 1456 necessario
1123 1417 1235 1465 foret,
1259 1418 1302 1456 ad
1317 1417 1396 1457 ful·

143 1470 320 1510 ciendum
336 1470 492 1510 sensum.
513 1469 691 1523 Disputat
706 1471 900 1510 Lucianus
917 1481 1050 1511 contra
1065 1483 1151 1509 eum
1163 1501 1176 1516 ,
1201 1482 1223 1509 a
1237 1485 1317 1524 quo
1337 1484 1398 1512 ac-

143 1523 297 1564 cusatus
311 1523 433 1564 fuerat
443 1554 455 1572 ‚
469 1525 595 1576 inepte
607 1524 647 1563 δι
662 1523 822 1563 barbare
834 1524 985 1563 locutus
1003 1523 1076 1563 effe
1087 1554 1097 1572 ‚
1110 1524 1176 1576 qui
1191 1525 1310 1576 ipsum
1332 1537 1399 1575 ap-

144 1576 311 1629 pellaffet
324 1576 542 1629 ἀποφράὲσι.
566 1576 654 1616 Post
669 1577 786 1616 multa
798 1577 945 1616 tandem
961 1577 1078 1624 dista,
1101 1577 1153 1616 ita
1167 1579 1308 1631 pergit:
1343 1581 1397 1618 Τιι

144 1647 221 1671 vero
232 1632 380 1670 animum
399 1633 547 1676 adverte,
566 1629 647 1683 (nisi
650 1631 754 1682 plane
767 1645 834 1669 non
845 1646 943 1669 cu-rae
953 1631 1011 1668 tibi
1011 1632 1073 1681 fit,
1091 1631 1296 1682 ignorantem
1312 1631 1398 1684 effe)

137 1687 176 1736 fi
193 1696 314 1724 veteres
326 1697 405 1723 ante
417 1699 478 1723 nos
491 1685 526 1722 in
538 1698 614 1733 eos,
639 1683 695 1736 qui
717 1684 775 1722 tibi
787 1684 914 1735 similes
928 1697 998 1722 tum
1016 1696 1133 1730 erant,
1158 1685 1242 1722 talia
1265 1687 1370 1722 multa
1382 1714 1394 1731 ‚

144 1738 244 1791 quale
255 1740 299 1790 est
311 1739 497 1790 ἀποφρὰς,
511 1738 678 1776 imarum
687 1752 704 1784 ;
727 1737 839 1790 (erant
849 1738 931 1776 enim
945 1739 1043 1776 etiam
1057 1749 1125 1775 tum
1135 1768 1147 1784 ‚
1171 1749 1211 1776 ut
1219 1739 1394 1789 verosimile

145 1793 210 1844 est,
233 1791 338 1844 aEqui
360 1791 594 1831 abominatum
615 1791 778 1837 moribus,
798 1792 933 1843 peffi'ma
951 1791 985 1829 ἐξ
997 1791 1131 1844 sinist-ra
1145 1791 1278 1837 ina'ole;
1295 1804 1393 1844 atque

144 1845 237 1883 alius
259 1845 388 1898 quidem
407 1844 497 1883 dixit
519 1844 703 1897 quempiam
730 1845 955 1890 cothurnum,
979 1845 1084 1883 vitam
1109 1845 1179 1883 eius
1202 1845 1392 1895 ambiguam

144 1913 344 1951 comparans
357 1899 411 1936 liis
423 1898 654 1936 calceamentis
661 1913 678 1945 ;
702 1898 792 1935 alius
806 1913 881 1937 vero
900 1898 989 1936 dixit
999 1897 1104 1936 alium
1125 1899 1263 1950 Lyp.ze'n
1275 1927 1288 1944 ,
1305 1900 1394 1949 quod

144 1963 259 1992 orator
269 1950 497 2001 tumultuosus
507 1952 677 1991 conciones
681 1950 802 2001 soleret
817 1953 949 1989 turbare
959 1965 975 1998 ,⁸
988 1951 1076 1993 alius
1089 1951 1176 1989 dixit
1185 1951 1288 1989 alium
1298 1953 1392 1989 Heb-

144 2007 261 2045 domm
271 2035 285 2052 ,
302 2006 394 2058 quod
399 2005 534 2058 perinde
548 2016 646 2057 atque
653 2005 749 2056 pueri
755 2002 906 2057 septimis
920 2006 1033 2042 <Rebus
1043 2033 1055 2050 ,
1073 2004 1140 2057 ipse
1152 2006 1249 2043 etiam
1262 2005 1296 2042 in
1315 2019 1392 2043 con-

143 2058 295 2098 cionibus
305 2059 428 2100 luderet
445 2058 480 2095 δν
501 2058 631 2105 rideret,
647 2057 831 2109 seriumque
848 2059 967 2110 populi
981 2057 1129 2110 fluuium
1139 2058 1174 2096 in
1187 2058 1302 2097 ludum
1316 2073 1391 2096 ver-

145 2111 250 2175 teret)
270 2128 378 2152 nonne
397 2111 534 2162 itaqu&
546 2126 606 2164 per
628 2112 766 2150 Adonin
778 2141 790 2156 ,
815 2111 849 2150 G·
872 2112 953 2150 milzi
975 2111 1188 2162 concffris,
1206 2111 1364 2149 hominem
1376 2141 1393 2157 ,

144 2181 236 2205 omni
252 2166 401 2204 malitiae
412 2165 575 2217 affuetum
583 2194 597 2211 ‚
620 2179 808 2218 comparare
818 2165 882 2202 diei
896 2178 970 2203 atro
982 2180 1022 2203 ac
1031 2163 1239 2216 inauspicato
1250 2166 1270 2202 Ρ
1283 2163 1391 2216 Ope-

143 2231 209 2258 rae
221 2218 308 2268 fuit,
321 2229 440 2259 totam
457 2218 554 2256 hanc
566 2218 750 2270 periodon
768 2230 924 2270 ponere,
938 2225 982 2256 ut
993 2218 1025 2256 ei
1043 2217 1240 2256 universae
1253 2217 1319 2256 lux
1334 2229 1391 2256 ac-

144 2272 314 2319 cederet,
328 2285 443 2325 quam
463 2283 544 2310 non
566 2271 682 2311 nimia
705 2272 954 2323 interpretum
971 2271 1159 2322 diligentia
1174 2269 1389 2314 offuscaret.

144 2324 274 2374 Duae,
290 2338 452 2378 quarum
467 2336 577 2364 notas
591 2323 743 2373 inserui,
757 2325 993 2376 parentheses
1005 2324 1143 2369 iniunt,
1160 2323 1214 2372 δι,
1233 2324 1285 2369 eis
1296 2336 1390 2362 con-

144 2378 330 2425 sideratis,
351 2377 475 2417 sensus
486 2377 539 2416 est
551 2376 791 2430 planissimus.
811 2378 951 2429 Liquet
962 2390 1120 2429 quoque
1130 2406 1140 2424 ‚
1162 2390 1229 2428 per
1243 2377 1388 2429 signum

144 2431 402 2484 interrogandi
428 2431 525 2470 hanc
547 2432 761 2470 orationem
781 2431 1025 2470 claudendam
1048 2429 1144 2478 effe;
1169 2431 1272 2482 quod
1295 2430 1389 2471 &in

143 2484 304 2525 Graecis
323 2484 407 2525 fieri
425 2483 555 2532 debet3
578 2485 691 2538 idque
711 2484 907 2541 diligenter
927 2483 1170 2524 observatum
1188 2483 1260 2524 eise
1277 2483 1399 2525 videos

145 2550 168 2578 a
186 2538 423 2580 Florentinis.
446 2537 555 2580 haus.
1037 2589 1068 2633 E

1080 2602 1102 2631 θ
1131 2604 1150 2643 3
