1835 3408
433 166 529 230 3&
628 165 1504 215 ANNoTATIONEs

433 253 605 307 -ψυχιις”
583 270 696 308 εχων.
712 255 865 307 Lysias
858 268 897 294 in
914 254 1155 300 narratione,
1177 267 1292 306 quam
1309 253 1445 294 refert
1436 267 1475 294 m
1489 253 1604 307 ipsius
1619 251 1703 293 viru
1833 237 1835 251 Α

434 307 767 349 Halicarnaffenfis
776 307 1001 360 Dionysius,
1011 321 1058 347 ex
1070 307 1231 361 persona
1246 308 1416 347 mulieris
1430 321 1501 361 pro
1515 307 1600 347 filiis
1612 306 1705 355 suis,
1748 316 1770 359 .'

434 374 574 400 contra
587 361 696 401 suum
715 375 886 415 patrem,
901 363 1068 413 agentis,
1094 362 1326 426 interrogat,
1347 361 1437 401 τίνοι
1452 362 1547 401 ποτὲ
1561 359 1703 412 ψυχὴν
1751 354 1771 407 γ’

435 413 539 467 ἒχων
551 416 654 466 ἀξιοῖ
664 418 743 467 περὶ
758 416 834 455 τῶν
848 415 999 454 παίδων
1013 414 1171 455 τοιαύτη
1188 416 1319 468 ’γνώμη
1333 415 1522 469 χρῆσῇσιι·
1513 443 1524 464 ,
1546 429 1612 469 quo
1625 427 1703 454 tan-

441 471 511 507 dem
525 471 667 509 animo?
685 470 773 509 Vid.
791 484 825 521 p.
847 482 916 521 193
932 480 1029 508 extr.
1045 468 1131 507 Ald.
1155 468 1285 509 GESN.
1756 501 1758 505 .

494 523 592 562 ibid!
594 523 742 574 Ἀπτῃ)
766 522 828 562 Sic
851 523 1055 561 emendare
1077 523 1224 562 neceffe
1244 522 1425 562 duximus
1447 535 1530 587 pro
1541 520 1709 574 vulgato
1758 526 1763 530 ’

439 572 699 629 άπτει,ᾳιιοά
713 576 803 615 ferri
818 589 900 615 non
922 587 1085 627 poterat.
1100 576 1141 614 ln
1155 578 1210 614 Fl.
1226 577 1378 629 quidem
1393 576 1432 616 δι
1449 576 1491 615 L.
1505 572 1616 615 ἄπει.
1630 575 1705 614 Sed
1756 581 1758 592 ¹

439 631 534 680 quid
550 631 600 669 hu
591 644 623 670 c
639 632 683 669 ad
697 643 775 669 rem
787 659 797 676 ,
814 629 978 682 quaeso?
1001 630 1150 670 Contra
1162 630 1389 682 aptiffimum
1401 628 1455 669 est
1467 628 1588 669 illud‘
1578 642 1708 677 amn,
1755 644 1763 654 ⁸

439 682 717 736 facillimusque
739 684 987 723 librariorum
1010 682 1155 736 lapsus,
1181 685 1248 736 qui
1265 683 1387 723 ιἰπτει
1411 683 1496 722 inde
1511 682 1704 723 fecerant·
1694 712 1708 730 ,

439 738 546 787 quod
562 750 620 776 tot
631 739 818 777 editorum
829 737 1053 796 diligentiam
1071 736 1204 790 fugifle
1220 750 1454 785 m1r0r‚cum
1470 736 1592 776 statim
1605 735 1708 776 reete
1734 754 1742 765 ·

440 790 654 830 ἀνελίττεις
677 792 812 831 eodem
840 792 958 830 halitu
987 791 1265 851 1equarur.Ut
1287 791 1388 830 enim
1411 789 1580 836 domn,
1600 789 1710 843 quod
1758 794 1760 799 '

442 856 568 883 unum
592 844 721 890 restat,
736 844 945 896 scripserit,
958 858 979 883 a
994 858 1053 883 me
1068 846 1268 896 impetrare
1283 857 1362 884 non
1379 844 1549 897 poffum,
1565 856 1607 883 ut
1627 856 1710 884 cre-

443 897 542 936 dam.
560 898 718 938 SOLAN.
731 897 899 951 Ἅπτει)
923 875 1084 938 I’Jelerat
1106 899 1354 951 posteriorem
1375 898 1560 950 syllabam
1581 897 1711 938 Solan.

442 949 517 990 δι”
498 966 604 991 οισι-τη
627 952 693 992 sua
709 952 936 992 auctoritate
953 953 1116 992 dederat.
1140 953 1293 1000 Fateor,
1308 951 1437 992 sensus
1451 951 1712 1005 perspicuitati

442 1004 496 1044 ita
511 1005 680 1055 consuli3
706 1019 844 1046 verum
859 1007 951 1058 quia
969 1019 1017 1046 ex
1031 1005 1107 1060 seq.
1122 1007 1334 1048 ἀνελίττεις
1347 1005 1457 1046 facile
1476 1006 1713 1058 intelligitur,

444 1059 562 1099 etiam
578 1059 777 1100 secundam
800 1059 891 1113 pers.
913 1061 1079 1113 requiri,
1097 1074 1219 1113 eaque
1233 1060 1374 1100 Atticis
1390 1059 1500 1113 saepe
1521 1059 1712 1102 formatur
1767 1105 1771 1114 Ι

444 1113 485 1152 in
500 1128 659 1166 ειρτοκ
674 1115 764 1154 *ihil
781 1128 947 1154 mutem
972 1127 1061 1153 nam
1075 1128 1117 1154 ut
1128 1114 1329 1165 βονλομειι
1339 1112 1478 1164 σἰομαι,
1491 1113 1639 1165 οψομοιι
1653 1112 1712 1153 fe-

444 1180 488 1207 re
504 1180 691 1219 perpetuo
705 1168 846 1209 faciunt
859 1167 999 1215 βούλει,
1008 1169 1089 1216 οιει,
1101 1169 1175 1218 ’642
1180 1184 1191 1208 ι
1206 1182 1277 1222 pro
1289 1167 1401 1219 ὕψη,
1393 1181 1432 1207 in
1446 1168 1607 1207 secunda
1618 1166 1712 1229 sing.
1776 1191 1779 1218 5

444 1221 577 1261 forsan
592 1221 660 1263 &‘
651 1221 847 1272 ἅπτομαι,
870 1221 989 1262 άπτει
1006 1221 1192 1262 formavit
1214 1222 1367 1262 Noster.
1392 1223 1439 1262 In
1460 1221 1590 1261 multis
1609 1222 1715 1262 enim

446 1276 530 1315 aliis
543 1289 703 1329 quoque
714 1278 844 1316 verbis
859 1276 894 1315 id
907 1277 1111 1325 obtinere,
1125 1288 1168 1316 ut
1184 1275 1400 1316 εκπυνθοινει
1405 1276 1590 1328 sciscitans
1608 1276 1714 1328 apud

445 1330 606 1383 Aristop
611 1332 647 1370 h.
664 1331 762 1370 Plut.
776 1331 865 1378 60;
859 1342 947 1369 item
961 1345 1117 1377 τυπτει,
1129 1330 1285 1381 «lewa,
1301 1343 1345 1370 ac
1359 1331 1547 1382 permulta
1559 1329 1717 1378 similia;

445 1385 535 1423 vide
554 1385 658 1437 larga
673 1398 789 1424 manu
803 1384 966 1423 indicata
981 1397 1041 1437 ap.
1054 1385 1234 1424 Maittair.
1249 1386 1294 1424 de
1309 1383 1413 1424 Dial.
1432 1398 1469 1436 p.
1483 1384 1545 1437 63.
1561 1385 1609 1424 Et
1624 1384 1715 1423 licet

445 1439 548 1478 Suid.
564 1439 608 1478 ad
628 1440 861 1478 recentiores
880 1439 1032 1478 Atticos
1053 1439 1144 1478 haec
1159 1438 1324 1486 referat,
1350 1450 1479 1478 tamen
1501 1438 1578 1479 hoc
1592 1437 1715 1491 ipsum

445 1490 583 1539 άπτει,
597 1494 703 1546 quod
719 1494 780 1532 bic
791 1493 992 1540 occurrit,
1006 1493 1143 1532 indicat
1159 1493 1261 1532 abus
1257 1491 1519 1553 usurpatum,
1533 1492 1624 1532 dum
1639 1493 1714 1532 ait:

445 1544 592 1594 ἅπτει,
607 1547 670 1586 καὶ
689 1549 744 1586 τὰ
765 1547 870 1586 ἄλλα
898 1547 950 1584 τὰ
967 1545 1030 1584 ἐπι
1043 1562 1112 1585 του
1137 1547 1193 1587 {vs
1197 1561 1341 1586 στωτος
1355 1546 1489 1599 χρόνου
1509 1546 1580 1587 ὃιὲι
1599 1544 1669 1586 τοῦ
1681 1560 1720 1589 ει

447 1600 591 1654 Mysiae
595 1617 639 1640 να,
650 1616 721 1639 των
734 1600 911 1653 νεωτέρων
925 1599 1072 1650 μᾶλλον
1090 1600 1302 1640 Ἀττικων’
1289 1615 1406 1641 εστιν.
1426 1600 1574 1640 Rmrz.

500 1658 574 1694 ead.
589 1656 612 1694 l.
633 1651 711 1695 16.’
712 1651 797 1696 Heln
812 1654 979 1706 ἐκείνοις)
990 1654 1223 1696 Libidinibus
1235 1654 1304 1693 illis
1320 1653 1528 1707 probrosis.
1549 1654 1718 1695 GUYET.

503 1709 592 1763 Pag
609 1709 668 1748 28.
680 1709 704 1746 l.
734 1724 763 1748 t.
775 1708 996 1761 Τωνλὸγων)
1012 1707 1123 1760 Quid
1135 1708 1212 1748 est?
1233 1708 1405 1749 GUYET.
1421 1707 1638 1755 Mallem,s1
1652 1720 1720 1761 pet

445 1761 573 1802 Codd.
585 1763 752 1810 liceret,
746 1778 870 1828 ἔργων.
893 1762 1097 1815 Quorsum
1111 1765 1212 1802 enirn
1224 1763 1316 1801 illud
1329 1762 1472 1815 λόγων,
1485 1762 1552 1802 nisi
1565 1775 1652 1802 cum
1664 1762 1720 1801 Η.

444 1830 519 1869 pro
535 1817 753 1867 ἐπιτεταμε
759 1831 830 1863 νος,
842 1817 1154 1870 ἐπιτεταγμένος
1169 1816 1295 1870 legas?
1317 1817 1422 1868 quod
1445 1815 1533 1857 ferri
1555 1816 1617 1856 hic
1635 1828 1719 1856 non

446 1870 566 1923 poffe
581 1884 656 1923 ego
668 1871 820 1923 quidem
836 1871 1026 1911 existimo.
1054 1850 1230 1911 SOLAN.D
1238 1870 1297 1911 Cl.
1310 1870 1393 1911 Bel.
1416 1870 1462 1911 de
1482 1870 1576 1914 Ball
1595 1870 1722 1913 conii-

445 1925 571 1965 ciebat
583 1924 742 1976 ὃορπων
758 1925 905 1990 Eligant
920 1924 1092 1965 leetores.

500 1980 579 2018 ibid
596 1980 743 2019 Μηκέτι
756 1994 809 2030 μη
828 2001 872 2009 -
877 1978 993 2043 μηέὲ
996 1980 1033 2026 ν)
1051 1979 1113 2019 De
1124 1978 1258 2032 triplici
1278 1978 1340 2019 illa
1351 1978 1556 2032 negatione
1570 1977 1648 2018 vid.
1664 1977 1723 2018 su-

446 2046 516 2086 pra
535 2033 672 2084 Philop
676 2032 700 2071 s.
715 2046 748 2073 c.
766 2033 835 2073 ult.
851 2029 955 2072 οὐθὲν
970 2029 1008 2072 οὗ
1026 2048 1079 2083 μη
1092 2033 1260 2099 ταράξῃ.
1281 2033 1328 2073 Et
1349 2034 1395 2072 de
1411 2033 1583 2073 Merced.
1593 2031 1721 2073 Cond.

450 2087 515 2136 §4
531 2086 626 2127 Item
638 2088 783 2126 Reviv.
799 2100 832 2127 c.
851 2086 923 2134 18,
947 2083 1053 2128 οὐθὲν
1066 2085 1105 2127 οὗ
1119 2103 1173 2138 μιν
1189 2102 1238 2142 γε
1232 2085 1513 2128 vnmnaeaemov.
1540 2087 1691 2127 REITz.

501 2145 578 2181 ead.
593 2143 616 2179 l.
638 2156 672 2181 2.
680 2141 795 2188 ’Ἄφες
808 2140 853 2180 ἒὲ
868 2139 1105 2204 τᾰβιβλιοιγ
1105 2105 1185 2188 Ἀφε
1171 2140 1282 2181 εςὸίι.
1302 2142 1497 2182 MARCIL.

501 2198 575 2234 ead.
592 2196 616 2234 l.
630 2210 666 2244 4.
685 2195 754 2236 Την
775 2210 843 2236 ’του
866 2190 927 2246 Eup
931 2194 1060 2234 miesco
1086 2195 1188 2235 Φαίὲ
1190 2196 1282 2248 ραν)
1308 2194 1413 2235 Cum
1435 2195 1609 2235 nondum
1636 2194 1722 2236 satis

447 2249 656 2302 probatum
672 2248 736 2295 sit,
760 2247 866 2288 fuisse
886 2248 1052 2289 fabulam
1076 2249 1260 2311 Euripidis
1284 2250 1358 2289 hoc
1381 2250 1562 2296 nomine,
1576 2249 1623 2289 de
1637 2262 1725 2302 quo

448 2304 530 2343 vid
556 2302 782 2349 Barnesius·‚
804 2304 866 2341 hic
886 2314 1014 2342 autem
1033 2304 1142 2343 locus
1157 2304 1224 2343 s1t'
1217 2317 1254 2343 in
1275 2304 1553 2356 Hippolytov.
1567 2303 1666 2352 418,
1681 2303 1722 2347 δᾶ

448 2357 502 2395 ibi
519 2370 567 2396 ex
583 2356 743 2409 persona
755 2356 948 2396 Phaedrae
969 2357 1203 2409 proferatur·
1228 2357 1347 2397 nolim
1361 2358 1523 2398 Luciani
1537 2358 1656 2398 verba
1668 2356 1723 2401 fic

450 2412 641 2463 accipere,
655 2410 781 2464 quasi
773 2424 802 2449 is
818 2372 1045 2462 Phaedram,
1060 2412 1211 2453 fabulae
1222 2412 1446 2466 Euripideae
1458 2424 1624 2460 nomen,
1640 2412 1724 2454 lau„

449 2465 543 2507 dare
556 2464 738 2508 voluerit.
763 2463 898 2507 GEsN
