<?xml version="1.0" encoding="UTF-8"?>
<!DOCTYPE html PUBLIC "-//W3C//DTD XHTML 1.0 Transitional//EN"
    "http://www.w3.org/TR/xhtml1/DTD/xhtml1-transitional.dtd">
<html xmlns="http://www.w3.org/1999/xhtml" xml:lang="en" lang="en">
 <head>
  <title>
</title>
<meta http-equiv="Content-Type" content="text/html;charset=utf-8" />
  <meta name='ocr-system' content='tesseract 3.04.00' />
  <meta name='ocr-capabilities' content='ocr_page ocr_carea ocr_par ocr_line ocrx_word'/>
</head>
<body>
  <div class='ocr_page' id='page_1' title='image "./operagraeceetlat08luciuoft/operagraeceetlat08luciuoft_0477.png"; bbox 0 0 1783 3403; ppageno 0'>
   <div class='ocr_carea' id='block_1_1' title="bbox 389 268 1339 337">
    <p class='ocr_par' dir='ltr' id='par_1_1' title="bbox 389 268 1339 337">
     <span class='ocr_line' id='line_1_1' title="bbox 389 268 1339 337; baseline 0.007 -23"><span class='ocrx_word' id='word_1_1' title='bbox 389 269 473 314; x_wconf 82' lang='lat' dir='ltr'>IN</span> <span class='ocrx_word' id='word_1_2' title='bbox 526 268 1037 316; x_wconf 84' lang='lat' dir='ltr'>MACROBIOS.</span> <span class='ocrx_word' id='word_1_3' title='bbox 1247 275 1339 337; x_wconf 76' lang='lat'>469</span> 
     </span>
    </p>
   </div>
   <div class='ocr_carea' id='block_1_2' title="bbox 19 353 1342 2642">
    <p class='ocr_par' dir='ltr' id='par_1_2' title="bbox 19 353 1342 2642">
     <span class='ocr_line' id='line_1_2' title="bbox 90 353 1342 408; baseline 0.006 -15"><span class='ocrx_word' id='word_1_4' title='bbox 90 353 249 394; x_wconf 68' lang='lat' dir='ltr'>Minus.</span> <span class='ocrx_word' id='word_1_5' title='bbox 263 355 367 396; x_wconf 81' lang='lat' dir='ltr'>Idem</span> <span class='ocrx_word' id='word_1_6' title='bbox 382 357 457 397; x_wconf 83' lang='lat' dir='ltr'>iam</span> <span class='ocrx_word' id='word_1_7' title='bbox 471 357 568 396; x_wconf 86' lang='lat' dir='ltr'>vidit</span> <span class='ocrx_word' id='word_1_8' title='bbox 583 357 781 397; x_wconf 87' lang='lat' dir='ltr'>Almelov.</span> <span class='ocrx_word' id='word_1_9' title='bbox 799 357 838 396; x_wconf 89' lang='lat' dir='ltr'>in</span> <span class='ocrx_word' id='word_1_10' title='bbox 851 358 909 397; x_wconf 90' lang='lat' dir='ltr'>ed.</span> <span class='ocrx_word' id='word_1_11' title='bbox 924 357 1031 408; x_wconf 80' lang='lat' dir='ltr'>Amst.</span> <span class='ocrx_word' id='word_1_12' title='bbox 1045 357 1204 398; x_wconf 83' lang='lat' dir='ltr'>eundem</span> <span class='ocrx_word' id='word_1_13' title='bbox 1220 362 1342 401; x_wconf 83' lang='lat' dir='ltr'>advo·</span> 
     </span>
     <span class='ocr_line' id='line_1_3' title="bbox 89 409 1341 462; baseline 0.006 -16"><span class='ocrx_word' id='word_1_14' title='bbox 89 420 180 447; x_wconf 84' lang='lat' dir='ltr'>cans</span> <span class='ocrx_word' id='word_1_15' title='bbox 193 409 329 461; x_wconf 86' lang='lat' dir='ltr'>Spanh.</span> <span class='ocrx_word' id='word_1_16' title='bbox 343 410 450 450; x_wconf 81' lang='lat' dir='ltr'>Adde</span> <span class='ocrx_word' id='word_1_17' title='bbox 463 410 573 462; x_wconf 83' lang='lat' dir='ltr'>supra</span> <span class='ocrx_word' id='word_1_18' title='bbox 586 411 773 450; x_wconf 85' lang='lat' dir='ltr'>Scholion</span> <span class='ocrx_word' id='word_1_19' title='bbox 786 410 988 451; x_wconf 89' lang='lat' dir='ltr'>secundum</span> <span class='ocrx_word' id='word_1_20' title='bbox 1003 411 1050 449; x_wconf 88' lang='lat' dir='ltr'>ad</span> <span class='ocrx_word' id='word_1_21' title='bbox 1063 411 1165 450; x_wconf 84' lang='lat' dir='ltr'>Tox.</span> <span class='ocrx_word' id='word_1_22' title='bbox 1181 413 1221 451; x_wconf 75' lang='grc' dir='ltr'>δι</span> <span class='ocrx_word' id='word_1_23' title='bbox 1237 414 1341 453; x_wconf 79' lang='lat' dir='ltr'>Thu-</span> 
     </span>
     <span class='ocr_line' id='line_1_4' title="bbox 90 461 1339 515; baseline 0.006 -16"><span class='ocrx_word' id='word_1_24' title='bbox 90 462 181 512; x_wconf 87' lang='lat' dir='ltr'>cyd.</span> <span class='ocrx_word' id='word_1_25' title='bbox 197 461 274 509; x_wconf 85' lang='grc' dir='ltr'><strong>ΙΙΙ,</strong></span> <span class='ocrx_word' id='word_1_26' title='bbox 290 476 325 503; x_wconf 90' lang='lat' dir='ltr'>c.</span> <span class='ocrx_word' id='word_1_27' title='bbox 336 463 386 502; x_wconf 85' lang='lat'>82</span> <span class='ocrx_word' id='word_1_28' title='bbox 396 493 407 510; x_wconf 95' lang='lat'>‚</span> <span class='ocrx_word' id='word_1_29' title='bbox 428 464 492 503; x_wconf 91' lang='lat' dir='ltr'>ubi</span> <span class='ocrx_word' id='word_1_30' title='bbox 506 463 605 502; x_wconf 65' lang='lat' dir='ltr'>reete</span> <span class='ocrx_word' id='word_1_31' title='bbox 619 464 758 504; x_wconf 88' lang='lat' dir='ltr'>editum</span> <span class='ocrx_word' id='word_1_32' title='bbox 773 465 1007 515; x_wconf 73' lang='grc' dir='ltr'>φιλέταιρος,</span> <span class='ocrx_word' id='word_1_33' title='bbox 1024 463 1113 504; x_wconf 87' lang='lat' dir='ltr'>licet</span> <span class='ocrx_word' id='word_1_34' title='bbox 1127 478 1202 505; x_wconf 84' lang='lat' dir='ltr'>tres</span> <span class='ocrx_word' id='word_1_35' title='bbox 1217 466 1339 508; x_wconf 64' lang='lat' dir='ltr'>codd.</span> 
     </span>
     <span class='ocr_line' id='line_1_5' title="bbox 89 513 656 567; baseline 0.004 -15"><span class='ocrx_word' id='word_1_36' title='bbox 89 513 256 554; x_wconf 85' lang='lat' dir='ltr'>habeant</span> <span class='ocrx_word' id='word_1_37' title='bbox 271 518 498 567; x_wconf 69' lang='grc' dir='ltr'><strong><em>φιλαίτερος.</em></strong></span> <span class='ocrx_word' id='word_1_38' title='bbox 511 517 656 556; x_wconf 75' lang='grc' dir='ltr'>Βειτῑ.</span> 
     </span>
     <span class='ocr_line' id='line_1_6' title="bbox 144 568 1339 624; baseline 0.005 -19"><span class='ocrx_word' id='word_1_39' title='bbox 144 568 224 607; x_wconf 82' lang='lat' dir='ltr'>ibid.</span> <span class='ocrx_word' id='word_1_40' title='bbox 249 569 335 621; x_wconf 77' lang='grc' dir='ltr'>Περὶ</span> <span class='ocrx_word' id='word_1_41' title='bbox 362 570 562 623; x_wconf 69' lang='grc' dir='ltr'>Πέργοιμον</span> <span class='ocrx_word' id='word_1_42' title='bbox 584 569 738 623; x_wconf 67' lang='grc' dir='ltr'>ἀρχὴν)</span> <span class='ocrx_word' id='word_1_43' title='bbox 759 569 798 608; x_wconf 80' lang='grc' dir='ltr'>Ἡ</span> <span class='ocrx_word' id='word_1_44' title='bbox 827 569 909 622; x_wconf 73' lang='grc' dir='ltr'>περὶ</span> <span class='ocrx_word' id='word_1_45' title='bbox 931 570 1135 623; x_wconf 68' lang='grc' dir='ltr'>Πέργαμον</span> <span class='ocrx_word' id='word_1_46' title='bbox 1160 571 1260 624; x_wconf 66' lang='grc' dir='ltr'>ἀρχὴ</span> <span class='ocrx_word' id='word_1_47' title='bbox 1286 573 1339 611; x_wconf 85' lang='lat' dir='ltr'>est</span> 
     </span>
     <span class='ocr_line' id='line_1_7' title="bbox 86 617 1336 677; baseline 0.004 -20"><span class='ocrx_word' id='word_1_48' title='bbox 86 617 208 671; x_wconf 83' lang='lat' dir='ltr'>ipsum</span> <span class='ocrx_word' id='word_1_49' title='bbox 222 621 420 673; x_wconf 84' lang='lat' dir='ltr'>imperium</span> <span class='ocrx_word' id='word_1_50' title='bbox 436 624 721 676; x_wconf 82' lang='lat' dir='ltr'><strong>Pergamenum.</strong></span> <span class='ocrx_word' id='word_1_51' title='bbox 736 623 795 662; x_wconf 88' lang='lat' dir='ltr'>Sic</span> <span class='ocrx_word' id='word_1_52' title='bbox 815 625 868 663; x_wconf 65' lang='grc' dir='ltr'>τὰ</span> <span class='ocrx_word' id='word_1_53' title='bbox 886 624 966 674; x_wconf 71' lang='grc' dir='ltr'>περὶ</span> <span class='ocrx_word' id='word_1_54' title='bbox 980 627 1023 662; x_wconf 64' lang='grc' dir='ltr'>το</span> <span class='ocrx_word' id='word_1_55' title='bbox 1044 623 1144 675; x_wconf 57' lang='grc' dir='ltr'>ἱερὴν,</span> <span class='ocrx_word' id='word_1_56' title='bbox 1157 626 1310 677; x_wconf 70' lang='lat' dir='ltr'>templum</span> <span class='ocrx_word' id='word_1_57' title='bbox 1327 657 1336 671; x_wconf 93' lang='lat'>‚</span> 
     </span>
     <span class='ocr_line' id='line_1_8' title="bbox 86 671 1339 731; baseline 0.006 -20"><span class='ocrx_word' id='word_1_58' title='bbox 86 671 127 711; x_wconf 78' lang='lat' dir='ltr'>in</span> <span class='ocrx_word' id='word_1_59' title='bbox 150 673 300 714; x_wconf 89' lang='lat' dir='ltr'>Heliod.</span> <span class='ocrx_word' id='word_1_60' title='bbox 314 675 389 714; x_wconf 85' lang='lat' dir='ltr'>VII</span> <span class='ocrx_word' id='word_1_61' title='bbox 402 707 416 723; x_wconf 90' lang='lat'><em>,</em></span> <span class='ocrx_word' id='word_1_62' title='bbox 431 689 446 714; x_wconf 89' lang='lat'>1</span> <span class='ocrx_word' id='word_1_63' title='bbox 458 690 490 723; x_wconf 86' lang='lat'>1,</span> <span class='ocrx_word' id='word_1_64' title='bbox 507 690 543 729; x_wconf 90' lang='lat' dir='ltr'>p.</span> <span class='ocrx_word' id='word_1_65' title='bbox 559 690 652 729; x_wconf 82' lang='lat'>320:</span> <span class='ocrx_word' id='word_1_66' title='bbox 674 677 726 715; x_wconf 70' lang='grc' dir='ltr'>τὰ</span> <span class='ocrx_word' id='word_1_67' title='bbox 741 677 824 726; x_wconf 73' lang='grc' dir='ltr'>περὶ</span> <span class='ocrx_word' id='word_1_68' title='bbox 836 675 904 716; x_wconf 66' lang='grc' dir='ltr'>τὴν</span> <span class='ocrx_word' id='word_1_69' title='bbox 917 678 1043 730; x_wconf 73' lang='grc' dir='ltr'><strong><em>χώραν</em></strong></span> <span class='ocrx_word' id='word_1_70' title='bbox 1059 679 1168 729; x_wconf 77' lang='lat' dir='ltr'>regio,</span> <span class='ocrx_word' id='word_1_71' title='bbox 1189 691 1249 731; x_wconf 86' lang='lat' dir='ltr'>ap.</span> <span class='ocrx_word' id='word_1_72' title='bbox 1264 679 1339 718; x_wconf 75' lang='lat' dir='ltr'>Isc-</span> 
     </span>
     <span class='ocr_line' id='line_1_9' title="bbox 85 728 810 780; baseline 0.001 -14"><span class='ocrx_word' id='word_1_73' title='bbox 85 736 179 766; x_wconf 83' lang='lat' dir='ltr'>crat.</span> <span class='ocrx_word' id='word_1_74' title='bbox 195 728 230 765; x_wconf 89' lang='lat' dir='ltr'>in</span> <span class='ocrx_word' id='word_1_75' title='bbox 245 728 390 780; x_wconf 86' lang='lat' dir='ltr'>Areop.</span> <span class='ocrx_word' id='word_1_76' title='bbox 404 730 452 768; x_wconf 88' lang='lat' dir='ltr'>ab</span> <span class='ocrx_word' id='word_1_77' title='bbox 465 731 542 769; x_wconf 89' lang='lat' dir='ltr'>init.</span> <span class='ocrx_word' id='word_1_78' title='bbox 558 731 633 770; x_wconf 72' lang='grc' dir='ltr'>διε.</span> <span class='ocrx_word' id='word_1_79' title='bbox 650 730 810 768; x_wconf 52' lang='lat' dir='ltr'>Maius.</span> 
     </span>
     <span class='ocr_line' id='line_1_10' title="bbox 75 781 1338 834; baseline 0.005 -16"><span class='ocrx_word' id='word_1_80' title='bbox 75 817 78 819; x_wconf 87' lang='grc'><strong>,</strong></span> <span class='ocrx_word' id='word_1_81' title='bbox 139 783 214 819; x_wconf 84' lang='lat' dir='ltr'>ead.</span> <span class='ocrx_word' id='word_1_82' title='bbox 231 781 255 820; x_wconf 89' lang='lat' dir='ltr'>l.</span> <span class='ocrx_word' id='word_1_83' title='bbox 274 796 287 820; x_wconf 93' lang='lat'>1</span> <span class='ocrx_word' id='word_1_84' title='bbox 300 781 547 830; x_wconf 70' lang='grc' dir='ltr'>ι.”Αττοιλος)</span> <span class='ocrx_word' id='word_1_85' title='bbox 564 782 626 821; x_wconf 93' lang='lat' dir='ltr'>De</span> <span class='ocrx_word' id='word_1_86' title='bbox 640 784 757 822; x_wconf 84' lang='lat' dir='ltr'>variis</span> <span class='ocrx_word' id='word_1_87' title='bbox 771 781 1034 834; x_wconf 84' lang='lat' dir='ltr'>Pergamenor.</span> <span class='ocrx_word' id='word_1_88' title='bbox 1048 783 1202 830; x_wconf 69' lang='lat' dir='ltr'>regibus</span> <span class='ocrx_word' id='word_1_89' title='bbox 1217 784 1338 824; x_wconf 85' lang='lat' dir='ltr'>Attali</span> 
     </span>
     <span class='ocr_line' id='line_1_11' title="bbox 85 835 1338 890; baseline 0.006 -20"><span class='ocrx_word' id='word_1_90' title='bbox 85 843 229 872; x_wconf 86' lang='lat' dir='ltr'>nomen</span> <span class='ocrx_word' id='word_1_91' title='bbox 249 835 488 887; x_wconf 79' lang='lat' dir='ltr'>gerentibus,</span> <span class='ocrx_word' id='word_1_92' title='bbox 503 837 577 875; x_wconf 90' lang='lat' dir='ltr'>vid.</span> <span class='ocrx_word' id='word_1_93' title='bbox 592 835 723 888; x_wconf 84' lang='lat' dir='ltr'>Scalig.</span> <span class='ocrx_word' id='word_1_94' title='bbox 745 849 826 875; x_wconf 87' lang='lat' dir='ltr'>can.</span> <span class='ocrx_word' id='word_1_95' title='bbox 840 835 932 888; x_wconf 82' lang='lat' dir='ltr'>lsag.</span> <span class='ocrx_word' id='word_1_96' title='bbox 948 835 1061 882; x_wconf 85' lang='lat' dir='ltr'>xm,</span> <span class='ocrx_word' id='word_1_97' title='bbox 1078 851 1114 889; x_wconf 86' lang='lat' dir='ltr'>p.</span> <span class='ocrx_word' id='word_1_98' title='bbox 1133 851 1230 885; x_wconf 83' lang='lat'><em>320,</em></span> <span class='ocrx_word' id='word_1_99' title='bbox 1249 853 1338 890; x_wconf 84' lang='lat'>321,</span> 
     </span>
     <span class='ocr_line' id='line_1_12' title="bbox 86 883 1336 942; baseline 0.005 -17"><span class='ocrx_word' id='word_1_100' title='bbox 86 883 131 925; x_wconf 87' lang='lat'>&amp;</span> <span class='ocrx_word' id='word_1_101' title='bbox 150 885 288 929; x_wconf 84' lang='lat' dir='ltr'>Cellar.</span> <span class='ocrx_word' id='word_1_102' title='bbox 306 888 385 928; x_wconf 86' lang='lat' dir='ltr'>hist.</span> <span class='ocrx_word' id='word_1_103' title='bbox 400 890 518 942; x_wconf 86' lang='lat' dir='ltr'>antiq.</span> <span class='ocrx_word' id='word_1_104' title='bbox 535 904 569 941; x_wconf 87' lang='lat' dir='ltr'>p.</span> <span class='ocrx_word' id='word_1_105' title='bbox 592 902 637 940; x_wconf 88' lang='lat'>50</span> <span class='ocrx_word' id='word_1_106' title='bbox 655 888 728 941; x_wconf 87' lang='lat' dir='ltr'>seq.</span> <span class='ocrx_word' id='word_1_107' title='bbox 750 889 908 928; x_wconf 45' lang='lat' dir='ltr'>Minius.</span> <span class='ocrx_word' id='word_1_108' title='bbox 922 889 1012 928; x_wconf 88' lang='lat' dir='ltr'>Non</span> <span class='ocrx_word' id='word_1_109' title='bbox 1026 888 1336 931; x_wconf 79' lang='lat' dir='ltr'>confundendum</span> 
     </span>
     <span class='ocr_line' id='line_1_13' title="bbox 83 937 1337 995; baseline 0.005 -17"><span class='ocrx_word' id='word_1_110' title='bbox 83 937 210 987; x_wconf 86' lang='lat' dir='ltr'>hunc,</span> <span class='ocrx_word' id='word_1_111' title='bbox 234 942 340 994; x_wconf 92' lang='lat' dir='ltr'>quod</span> <span class='ocrx_word' id='word_1_112' title='bbox 360 941 500 981; x_wconf 60' lang='lat' dir='ltr'>factum</span> <span class='ocrx_word' id='word_1_113' title='bbox 528 955 551 981; x_wconf 89' lang='lat' dir='ltr'>a</span> <span class='ocrx_word' id='word_1_114' title='bbox 572 942 785 995; x_wconf 80' lang='lat' dir='ltr'>Scaligero,</span> <span class='ocrx_word' id='word_1_115' title='bbox 805 955 893 982; x_wconf 90' lang='lat' dir='ltr'>cum</span> <span class='ocrx_word' id='word_1_116' title='bbox 918 943 1174 982; x_wconf 81' lang='lat' dir='ltr'>Philometore</span> <span class='ocrx_word' id='word_1_117' title='bbox 1202 945 1337 985; x_wconf 85' lang='lat' dir='ltr'>Attalo</span> 
     </span>
     <span class='ocr_line' id='line_1_14' title="bbox 19 991 1339 1047; baseline 0.006 -17"><span class='ocrx_word' id='word_1_118' title='bbox 19 1003 49 1020; x_wconf 41' lang='grc' dir='ltr'>κ</span> <span class='ocrx_word' id='word_1_119' title='bbox 84 991 268 1040; x_wconf 85' lang='lat' dir='ltr'>Eumenis</span> <span class='ocrx_word' id='word_1_120' title='bbox 294 994 397 1041; x_wconf 88' lang='lat' dir='ltr'>filio,</span> <span class='ocrx_word' id='word_1_121' title='bbox 421 996 531 1036; x_wconf 87' lang='lat' dir='ltr'>cuius</span> <span class='ocrx_word' id='word_1_122' title='bbox 558 996 619 1035; x_wconf 84' lang='lat' dir='ltr'>liic</span> <span class='ocrx_word' id='word_1_123' title='bbox 639 995 900 1047; x_wconf 84' lang='lat' dir='ltr'>Philadelphus</span> <span class='ocrx_word' id='word_1_124' title='bbox 923 994 1036 1036; x_wconf 85' lang='lat' dir='ltr'>frater</span> <span class='ocrx_word' id='word_1_125' title='bbox 1059 996 1152 1042; x_wconf 84' lang='lat' dir='ltr'>fuit,</span> <span class='ocrx_word' id='word_1_126' title='bbox 1177 997 1339 1038; x_wconf 77' lang='lat' dir='ltr'>ostendit-</span> 
     </span>
     <span class='ocr_line' id='line_1_15' title="bbox 76 1044 826 1101; baseline 0.001 -15"><span class='ocrx_word' id='word_1_127' title='bbox 76 1044 286 1098; x_wconf 81' lang='lat' dir='ltr'>Spanhem.</span> <span class='ocrx_word' id='word_1_128' title='bbox 302 1047 395 1088; x_wconf 83' lang='lat' dir='ltr'>Diff.</span> <span class='ocrx_word' id='word_1_129' title='bbox 412 1049 528 1098; x_wconf 84' lang='lat' dir='ltr'>VIII,</span> <span class='ocrx_word' id='word_1_130' title='bbox 549 1063 584 1101; x_wconf 87' lang='lat' dir='ltr'>p.</span> <span class='ocrx_word' id='word_1_131' title='bbox 601 1063 684 1096; x_wconf 83' lang='lat'>5¹2·</span> <span class='ocrx_word' id='word_1_132' title='bbox 699 1049 826 1090; x_wconf 75' lang='lat' dir='ltr'><strong>GESN.</strong></span> 
     </span>
     <span class='ocr_line' id='line_1_16' title="bbox 135 1101 1288 1155; baseline 0.004 -17"><span class='ocrx_word' id='word_1_133' title='bbox 135 1102 209 1138; x_wconf 83' lang='lat' dir='ltr'>ead.</span> <span class='ocrx_word' id='word_1_134' title='bbox 225 1103 247 1139; x_wconf 91' lang='lat' dir='ltr'>l.</span> <span class='ocrx_word' id='word_1_135' title='bbox 266 1114 324 1141; x_wconf 89' lang='lat'>12.</span> <span class='ocrx_word' id='word_1_136' title='bbox 338 1102 570 1154; x_wconf 53' lang='lat' dir='ltr'>spiadseno.)</span> <span class='ocrx_word' id='word_1_137' title='bbox 585 1103 686 1142; x_wconf 84' lang='lat' dir='ltr'>Vide</span> <span class='ocrx_word' id='word_1_138' title='bbox 697 1104 858 1142; x_wconf 90' lang='lat' dir='ltr'>eundem</span> <span class='ocrx_word' id='word_1_139' title='bbox 871 1101 1012 1155; x_wconf 84' lang='lat' dir='ltr'>Spanh.</span> <span class='ocrx_word' id='word_1_140' title='bbox 1031 1115 1071 1154; x_wconf 84' lang='lat'>51</span> <span class='ocrx_word' id='word_1_141' title='bbox 1082 1117 1115 1142; x_wconf 92' lang='lat'>2.</span> <span class='ocrx_word' id='word_1_142' title='bbox 1132 1103 1288 1144; x_wconf 76' lang='lat' dir='ltr'><strong>SOLAN.</strong></span> 
     </span>
     <span class='ocr_line' id='line_1_17' title="bbox 135 1155 1335 1209; baseline 0.004 -17"><span class='ocrx_word' id='word_1_143' title='bbox 135 1157 210 1193; x_wconf 82' lang='lat' dir='ltr'>ead.</span> <span class='ocrx_word' id='word_1_144' title='bbox 224 1155 249 1193; x_wconf 89' lang='lat' dir='ltr'>l.</span> <span class='ocrx_word' id='word_1_145' title='bbox 267 1156 322 1195; x_wconf 87' lang='lat'>16.</span> <span class='ocrx_word' id='word_1_146' title='bbox 339 1155 534 1209; x_wconf 76' lang='grc' dir='ltr'>Κτίστης)</span> <span class='ocrx_word' id='word_1_147' title='bbox 550 1156 647 1195; x_wconf 88' lang='lat' dir='ltr'>Vide</span> <span class='ocrx_word' id='word_1_148' title='bbox 666 1156 804 1208; x_wconf 86' lang='lat' dir='ltr'>Spanh.</span> <span class='ocrx_word' id='word_1_149' title='bbox 825 1170 914 1208; x_wconf 85' lang='lat'><strong>479.</strong></span> <span class='ocrx_word' id='word_1_150' title='bbox 937 1155 1093 1195; x_wconf 79' lang='lat' dir='ltr'>SOLAN.</span> <span class='ocrx_word' id='word_1_151' title='bbox 1111 1158 1226 1197; x_wconf 84' lang='lat' dir='ltr'>Hunc</span> <span class='ocrx_word' id='word_1_152' title='bbox 1247 1160 1335 1198; x_wconf 82' lang='lat' dir='ltr'>ritu-</span> 
     </span>
     <span class='ocr_line' id='line_1_18' title="bbox 71 1205 1335 1266; baseline 0.002 -18"><span class='ocrx_word' id='word_1_153' title='bbox 71 1205 161 1249; x_wconf 63' lang='lat' dir='ltr'>lum</span> <span class='ocrx_word' id='word_1_154' title='bbox 181 1209 333 1261; x_wconf 83' lang='lat' dir='ltr'>egregie</span> <span class='ocrx_word' id='word_1_155' title='bbox 354 1209 551 1250; x_wconf 85' lang='lat' dir='ltr'>illustravit</span> <span class='ocrx_word' id='word_1_156' title='bbox 565 1210 741 1251; x_wconf 85' lang='lat' dir='ltr'>laudatus</span> <span class='ocrx_word' id='word_1_157' title='bbox 755 1211 873 1249; x_wconf 87' lang='lat' dir='ltr'>modo</span> <span class='ocrx_word' id='word_1_158' title='bbox 888 1209 1087 1262; x_wconf 88' lang='lat' dir='ltr'>Spanhem.</span> <span class='ocrx_word' id='word_1_159' title='bbox 1108 1210 1184 1250; x_wconf 82' lang='lat' dir='ltr'>diff.</span> <span class='ocrx_word' id='word_1_160' title='bbox 1208 1211 1282 1260; x_wconf 90' lang='lat' dir='ltr'>IX,</span> <span class='ocrx_word' id='word_1_161' title='bbox 1297 1227 1335 1266; x_wconf 87' lang='lat' dir='ltr'>p.</span> 
     </span>
     <span class='ocr_line' id='line_1_19' title="bbox 72 1259 938 1314; baseline -0.005 -11"><span class='ocrx_word' id='word_1_162' title='bbox 72 1260 156 1313; x_wconf 62' lang='lat'>561</span> <span class='ocrx_word' id='word_1_163' title='bbox 176 1259 250 1314; x_wconf 89' lang='lat' dir='ltr'>seq.</span> <span class='ocrx_word' id='word_1_164' title='bbox 265 1262 393 1302; x_wconf 69' lang='lat' dir='ltr'>GizsN.</span> <span class='ocrx_word' id='word_1_165' title='bbox 934 1294 938 1299; x_wconf 94' lang='lat'>.</span> 
     </span>
     <span class='ocr_line' id='line_1_20' title="bbox 72 1314 1336 1370; baseline 0.003 -18"><span class='ocrx_word' id='word_1_166' title='bbox 72 1346 75 1347; x_wconf 16' lang='grc' dir='ltr'><em>γ</em></span> <span class='ocrx_word' id='word_1_167' title='bbox 135 1314 437 1370; x_wconf 73' lang='lat' dir='ltr'>ibid.-’Av‘i·i·yovov</span> <span class='ocrx_word' id='word_1_168' title='bbox 458 1319 522 1356; x_wconf 65' lang='grc' dir='ltr'>τον</span> <span class='ocrx_word' id='word_1_169' title='bbox 545 1315 804 1367; x_wconf 67' lang='grc' dir='ltr'>μονόφθαλμον</span> <span class='ocrx_word' id='word_1_170' title='bbox 829 1315 993 1368; x_wconf 71' lang='grc' dir='ltr'><em>φεύγων,</em></span> <span class='ocrx_word' id='word_1_171' title='bbox 1012 1315 1073 1355; x_wconf 65' lang='grc' dir='ltr'>ἐπὶ</span> <span class='ocrx_word' id='word_1_172' title='bbox 1089 1317 1228 1356; x_wconf 73' lang='grc' dir='ltr'><strong><em>Πόντου</em></strong></span> <span class='ocrx_word' id='word_1_173' title='bbox 1249 1317 1336 1356; x_wconf 74' lang='grc' dir='ltr'>ἐτε-</span> 
     </span>
     <span class='ocr_line' id='line_1_21' title="bbox 78 1365 1336 1423; baseline 0.002 -17"><span class='ocrx_word' id='word_1_174' title='bbox 78 1365 255 1416; x_wconf 77' lang='grc' dir='ltr'>λεύτησε,</span> <span class='ocrx_word' id='word_1_175' title='bbox 265 1369 421 1422; x_wconf 73' lang='grc' dir='ltr'>βιώσας)</span> <span class='ocrx_word' id='word_1_176' title='bbox 434 1370 494 1410; x_wconf 89' lang='lat' dir='ltr'>Sic</span> <span class='ocrx_word' id='word_1_177' title='bbox 508 1370 738 1423; x_wconf 84' lang='lat' dir='ltr'>distinguunt</span> <span class='ocrx_word' id='word_1_178' title='bbox 752 1370 825 1409; x_wconf 88' lang='lat' dir='ltr'>viri</span> <span class='ocrx_word' id='word_1_179' title='bbox 840 1370 960 1416; x_wconf 71' lang='lat' dir='ltr'>doffi,</span> <span class='ocrx_word' id='word_1_180' title='bbox 976 1370 1015 1409; x_wconf 78' lang='grc' dir='ltr'>δι</span> <span class='ocrx_word' id='word_1_181' title='bbox 1031 1370 1075 1408; x_wconf 90' lang='lat' dir='ltr'>ad</span> <span class='ocrx_word' id='word_1_182' title='bbox 1091 1371 1192 1409; x_wconf 85' lang='lat' dir='ltr'>hunc</span> <span class='ocrx_word' id='word_1_183' title='bbox 1208 1371 1336 1409; x_wconf 79' lang='lat' dir='ltr'>distin-</span> 
     </span>
     <span class='ocr_line' id='line_1_22' title="bbox 78 1419 1334 1476; baseline 0.002 -17"><span class='ocrx_word' id='word_1_184' title='bbox 78 1419 218 1461; x_wconf 72' lang='lat' dir='ltr'>&amp;ionis</span> <span class='ocrx_word' id='word_1_185' title='bbox 241 1434 430 1462; x_wconf 89' lang='lat' dir='ltr'>canonem</span> <span class='ocrx_word' id='word_1_186' title='bbox 453 1423 621 1463; x_wconf 87' lang='lat' dir='ltr'>formant</span> <span class='ocrx_word' id='word_1_187' title='bbox 645 1436 802 1476; x_wconf 87' lang='lat' dir='ltr'>quoque</span> <span class='ocrx_word' id='word_1_188' title='bbox 822 1423 1060 1468; x_wconf 82' lang='lat' dir='ltr'>versionem,</span> <span class='ocrx_word' id='word_1_189' title='bbox 1078 1423 1183 1475; x_wconf 83' lang='lat' dir='ltr'>quasi</span> <span class='ocrx_word' id='word_1_190' title='bbox 1201 1424 1334 1463; x_wconf 80' lang='lat' dir='ltr'>Lucia-</span> 
     </span>
     <span class='ocr_line' id='line_1_23' title="bbox 71 1476 1335 1528; baseline 0.002 -15"><span class='ocrx_word' id='word_1_191' title='bbox 71 1486 154 1514; x_wconf 80' lang='lat' dir='ltr'>nus</span> <span class='ocrx_word' id='word_1_192' title='bbox 167 1477 343 1515; x_wconf 82' lang='lat' dir='ltr'>annotari</span> <span class='ocrx_word' id='word_1_193' title='bbox 358 1477 493 1525; x_wconf 91' lang='lat' dir='ltr'>vellet,</span> <span class='ocrx_word' id='word_1_194' title='bbox 506 1490 593 1517; x_wconf 88' lang='lat' dir='ltr'>eum</span> <span class='ocrx_word' id='word_1_195' title='bbox 608 1477 646 1516; x_wconf 90' lang='lat' dir='ltr'>in</span> <span class='ocrx_word' id='word_1_196' title='bbox 660 1478 784 1517; x_wconf 91' lang='lat' dir='ltr'>Ponto</span> <span class='ocrx_word' id='word_1_197' title='bbox 797 1488 993 1515; x_wconf 84' lang='lat' dir='ltr'>mortuum</span> <span class='ocrx_word' id='word_1_198' title='bbox 1009 1476 1112 1516; x_wconf 82' lang='lat' dir='ltr'>fuiffe</span> <span class='ocrx_word' id='word_1_199' title='bbox 1124 1493 1134 1516; x_wconf 73' lang='grc' dir='ltr'><strong><em>ε</em></strong></span> <span class='ocrx_word' id='word_1_200' title='bbox 1148 1478 1251 1528; x_wconf 86' lang='lat' dir='ltr'>quod</span> <span class='ocrx_word' id='word_1_201' title='bbox 1266 1479 1335 1516; x_wconf 87' lang='lat' dir='ltr'>mi-</span> 
     </span>
     <span class='ocr_line' id='line_1_24' title="bbox 72 1527 1333 1582; baseline 0.003 -16"><span class='ocrx_word' id='word_1_202' title='bbox 72 1527 123 1572; x_wconf 83' lang='lat' dir='ltr'>¹hi</span> <span class='ocrx_word' id='word_1_203' title='bbox 144 1529 192 1567; x_wconf 80' lang='lat' dir='ltr'>ab</span> <span class='ocrx_word' id='word_1_204' title='bbox 215 1529 290 1568; x_wconf 86' lang='lat' dir='ltr'>hoc</span> <span class='ocrx_word' id='word_1_205' title='bbox 311 1529 484 1570; x_wconf 86' lang='lat' dir='ltr'>sermone</span> <span class='ocrx_word' id='word_1_206' title='bbox 507 1531 673 1570; x_wconf 88' lang='lat' dir='ltr'>alienum</span> <span class='ocrx_word' id='word_1_207' title='bbox 697 1531 864 1577; x_wconf 85' lang='lat' dir='ltr'>videtur,</span> <span class='ocrx_word' id='word_1_208' title='bbox 882 1531 922 1569; x_wconf 74' lang='grc' dir='ltr'>δι</span> <span class='ocrx_word' id='word_1_209' title='bbox 940 1529 1238 1582; x_wconf 82' lang='lat' dir='ltr'>distinguendum</span> <span class='ocrx_word' id='word_1_210' title='bbox 1260 1529 1333 1570; x_wconf 81' lang='lat' dir='ltr'>effe</span> 
     </span>
     <span class='ocr_line' id='line_1_25' title="bbox 78 1581 1334 1637; baseline 0.002 -17"><span class='ocrx_word' id='word_1_211' title='bbox 78 1581 229 1636; x_wconf 68' lang='grc' dir='ltr'><strong><em>φεύγων</em></strong></span> <span class='ocrx_word' id='word_1_212' title='bbox 249 1582 313 1622; x_wconf 76' lang='grc' dir='ltr'>ἐπὶ</span> <span class='ocrx_word' id='word_1_213' title='bbox 333 1583 491 1632; x_wconf 76' lang='grc' dir='ltr'><strong><em>Πόντου,</em></strong></span> <span class='ocrx_word' id='word_1_214' title='bbox 512 1584 735 1624; x_wconf 75' lang='grc' dir='ltr'>ἐτελεύτησε</span> <span class='ocrx_word' id='word_1_215' title='bbox 753 1584 891 1629; x_wconf 69' lang='grc' dir='ltr'>βιώσεις</span> <span class='ocrx_word' id='word_1_216' title='bbox 905 1584 979 1622; x_wconf 84' lang='lat' dir='ltr'>&amp;c-</span> <span class='ocrx_word' id='word_1_217' title='bbox 998 1585 1206 1637; x_wconf 79' lang='lat' dir='ltr'>Antigonum</span> <span class='ocrx_word' id='word_1_218' title='bbox 1225 1586 1334 1624; x_wconf 81' lang='lat' dir='ltr'>Cocli-</span> 
     </span>
     <span class='ocr_line' id='line_1_26' title="bbox 79 1635 1335 1692; baseline 0.002 -19"><span class='ocrx_word' id='word_1_219' title='bbox 79 1647 143 1674; x_wconf 85' lang='lat' dir='ltr'>tem</span> <span class='ocrx_word' id='word_1_220' title='bbox 151 1635 294 1688; x_wconf 80' lang='lat' dir='ltr'>fugiens</span> <span class='ocrx_word' id='word_1_221' title='bbox 305 1638 342 1676; x_wconf 85' lang='lat' dir='ltr'>in</span> <span class='ocrx_word' id='word_1_222' title='bbox 356 1638 529 1684; x_wconf 86' lang='lat' dir='ltr'>Pontum,</span> <span class='ocrx_word' id='word_1_223' title='bbox 547 1649 698 1677; x_wconf 87' lang='lat' dir='ltr'>mortuus</span> <span class='ocrx_word' id='word_1_224' title='bbox 709 1639 760 1692; x_wconf 69' lang='lat' dir='ltr'>qsl.</span> <span class='ocrx_word' id='word_1_225' title='bbox 775 1637 908 1689; x_wconf 87' lang='lat' dir='ltr'>Quam</span> <span class='ocrx_word' id='word_1_226' title='bbox 927 1636 1038 1689; x_wconf 79' lang='lat' dir='ltr'>fugae</span> <span class='ocrx_word' id='word_1_227' title='bbox 1052 1651 1153 1676; x_wconf 90' lang='lat' dir='ltr'>viam</span> <span class='ocrx_word' id='word_1_228' title='bbox 1168 1651 1255 1677; x_wconf 86' lang='lat' dir='ltr'>curn</span> <span class='ocrx_word' id='word_1_229' title='bbox 1269 1650 1335 1676; x_wconf 79' lang='lat' dir='ltr'>an-</span> 
     </span>
     <span class='ocr_line' id='line_1_27' title="bbox 77 1689 1333 1743; baseline 0.001 -15"><span class='ocrx_word' id='word_1_230' title='bbox 77 1700 210 1736; x_wconf 84' lang='lat' dir='ltr'>notat,</span> <span class='ocrx_word' id='word_1_231' title='bbox 223 1691 336 1731; x_wconf 80' lang='lat' dir='ltr'>tacite</span> <span class='ocrx_word' id='word_1_232' title='bbox 355 1691 418 1730; x_wconf 83' lang='lat' dir='ltr'>dat</span> <span class='ocrx_word' id='word_1_233' title='bbox 432 1692 717 1743; x_wconf 81' lang='lat' dir='ltr'>intelligendum</span> <span class='ocrx_word' id='word_1_234' title='bbox 730 1722 742 1740; x_wconf 92' lang='lat'>‚</span> <span class='ocrx_word' id='word_1_235' title='bbox 760 1704 836 1743; x_wconf 84' lang='lat' dir='ltr'>qua</span> <span class='ocrx_word' id='word_1_236' title='bbox 851 1689 1051 1730; x_wconf 82' lang='lat' dir='ltr'>occasione</span> <span class='ocrx_word' id='word_1_237' title='bbox 1064 1692 1168 1742; x_wconf 80' lang='lat' dir='ltr'>regni</span> <span class='ocrx_word' id='word_1_238' title='bbox 1186 1690 1333 1731; x_wconf 86' lang='lat' dir='ltr'>Pontici</span> 
     </span>
     <span class='ocr_line' id='line_1_28' title="bbox 78 1743 1334 1796; baseline 0.002 -15"><span class='ocrx_word' id='word_1_239' title='bbox 78 1743 255 1783; x_wconf 88' lang='lat' dir='ltr'>conditor</span> <span class='ocrx_word' id='word_1_240' title='bbox 270 1743 463 1784; x_wconf 86' lang='lat' dir='ltr'>exstiterit.</span> <span class='ocrx_word' id='word_1_241' title='bbox 483 1745 529 1784; x_wconf 89' lang='lat' dir='ltr'>Et</span> <span class='ocrx_word' id='word_1_242' title='bbox 543 1745 630 1784; x_wconf 84' lang='lat' dir='ltr'>sane</span> <span class='ocrx_word' id='word_1_243' title='bbox 646 1744 696 1784; x_wconf 84' lang='lat' dir='ltr'>fic</span> <span class='ocrx_word' id='word_1_244' title='bbox 716 1745 888 1796; x_wconf 87' lang='lat' dir='ltr'>loquitur</span> <span class='ocrx_word' id='word_1_245' title='bbox 903 1743 1031 1783; x_wconf 80' lang='lat' dir='ltr'>rursus</span> <span class='ocrx_word' id='word_1_246' title='bbox 1048 1745 1180 1784; x_wconf 68' lang='lat' dir='ltr'>auctor</span> <span class='ocrx_word' id='word_1_247' title='bbox 1200 1745 1238 1783; x_wconf 91' lang='lat' dir='ltr'>in</span> <span class='ocrx_word' id='word_1_248' title='bbox 1254 1745 1334 1784; x_wconf 83' lang='lat' dir='ltr'>Na-</span> 
     </span>
     <span class='ocr_line' id='line_1_29' title="bbox 77 1796 1332 1850; baseline 0.002 -15"><span class='ocrx_word' id='word_1_249' title='bbox 77 1797 205 1848; x_wconf 84' lang='lat' dir='ltr'>vigio:</span> <span class='ocrx_word' id='word_1_250' title='bbox 220 1797 404 1850; x_wconf 77' lang='grc' dir='ltr'><strong><em>Προ·ι’ωμεν</em></strong></span> <span class='ocrx_word' id='word_1_251' title='bbox 422 1797 467 1838; x_wconf 59' lang='grc' dir='ltr'>Σὲ</span> <span class='ocrx_word' id='word_1_252' title='bbox 490 1796 559 1838; x_wconf 63' lang='lat' dir='ltr'>{isit</span> <span class='ocrx_word' id='word_1_253' title='bbox 578 1798 646 1838; x_wconf 65' lang='grc' dir='ltr'>τὴν</span> <span class='ocrx_word' id='word_1_254' title='bbox 669 1798 735 1837; x_wconf 73' lang='grc' dir='ltr'>ἐπὶ</span> <span class='ocrx_word' id='word_1_255' title='bbox 759 1797 915 1848; x_wconf 78' lang='grc' dir='ltr'><strong><em>Κορίνθου</em></strong></span> <span class='ocrx_word' id='word_1_256' title='bbox 939 1796 1009 1837; x_wconf 53' lang='grc' dir='ltr'>διὰ</span> <span class='ocrx_word' id='word_1_257' title='bbox 1028 1797 1094 1838; x_wconf 68' lang='grc' dir='ltr'>τῆς</span> <span class='ocrx_word' id='word_1_258' title='bbox 1120 1797 1260 1849; x_wconf 68' lang='grc' dir='ltr'>ὀρεινῆς.</span> <span class='ocrx_word' id='word_1_259' title='bbox 1286 1798 1332 1838; x_wconf 84' lang='lat' dir='ltr'>Et</span> 
     </span>
     <span class='ocr_line' id='line_1_30' title="bbox 79 1850 1333 1904; baseline 0.002 -16"><span class='ocrx_word' id='word_1_260' title='bbox 79 1850 167 1889; x_wconf 88' lang='lat' dir='ltr'>alibi</span> <span class='ocrx_word' id='word_1_261' title='bbox 186 1851 293 1904; x_wconf 83' lang='lat' dir='ltr'>plura</span> <span class='ocrx_word' id='word_1_262' title='bbox 306 1852 352 1892; x_wconf 89' lang='lat' dir='ltr'>de</span> <span class='ocrx_word' id='word_1_263' title='bbox 369 1852 440 1892; x_wconf 87' lang='lat' dir='ltr'>hac</span> <span class='ocrx_word' id='word_1_264' title='bbox 462 1851 746 1894; x_wconf 70' lang='lat' dir='ltr'>construfflone</span> <span class='ocrx_word' id='word_1_265' title='bbox 766 1852 955 1897; x_wconf 89' lang='lat' dir='ltr'>dicentur,</span> <span class='ocrx_word' id='word_1_266' title='bbox 979 1864 1066 1890; x_wconf 89' lang='lat' dir='ltr'>cum</span> <span class='ocrx_word' id='word_1_267' title='bbox 1087 1851 1333 1903; x_wconf 84' lang='lat' dir='ltr'>persuaserint</span> 
     </span>
     <span class='ocr_line' id='line_1_31' title="bbox 78 1902 1329 1998; baseline 0.003 -56"><span class='ocrx_word' id='word_1_268' title='bbox 78 1902 146 1998; x_wconf 54' lang='lat' dir='ltr'>gbl</span> <span class='ocrx_word' id='word_1_269' title='bbox 169 1905 240 1945; x_wconf 78' lang='lat' dir='ltr'>viri</span> <span class='ocrx_word' id='word_1_270' title='bbox 261 1905 368 1946; x_wconf 74' lang='lat' dir='ltr'>doffl</span> <span class='ocrx_word' id='word_1_271' title='bbox 376 1906 512 1946; x_wconf 88' lang='lat' dir='ltr'>debere</span> <span class='ocrx_word' id='word_1_272' title='bbox 527 1905 624 1945; x_wconf 84' lang='lat' dir='ltr'>hanc</span> <span class='ocrx_word' id='word_1_273' title='bbox 647 1906 742 1958; x_wconf 86' lang='lat' dir='ltr'>poni</span> <span class='ocrx_word' id='word_1_274' title='bbox 755 1905 792 1945; x_wconf 86' lang='lat' dir='ltr'>in</span> <span class='ocrx_word' id='word_1_275' title='bbox 811 1916 951 1958; x_wconf 82' lang='lat' dir='ltr'>quarto</span> <span class='ocrx_word' id='word_1_276' title='bbox 967 1904 1076 1953; x_wconf 85' lang='lat' dir='ltr'>casu,</span> <span class='ocrx_word' id='word_1_277' title='bbox 1098 1904 1157 1944; x_wconf 88' lang='lat' dir='ltr'>sed</span> <span class='ocrx_word' id='word_1_278' title='bbox 1175 1915 1329 1946; x_wconf 81' lang='lat' dir='ltr'>temere.</span> 
     </span>
     <span class='ocr_line' id='line_1_32' title="bbox 120 1968 226 1998; baseline 0.009 -1"><span class='ocrx_word' id='word_1_279' title='bbox 120 1968 226 1998; x_wconf 70' lang='lat' dir='ltr'>non.</span> 
     </span>
     <span class='ocr_line' id='line_1_33' title="bbox 133 2010 1334 2066; baseline 0 -16"><span class='ocrx_word' id='word_1_280' title='bbox 133 2013 212 2051; x_wconf 83' lang='lat' dir='ltr'>ibid.</span> <span class='ocrx_word' id='word_1_281' title='bbox 225 2010 376 2066; x_wconf 73' lang='grc' dir='ltr'>Φεὺγων</span> <span class='ocrx_word' id='word_1_282' title='bbox 391 2011 454 2052; x_wconf 74' lang='grc' dir='ltr'>ἐπὶ</span> <span class='ocrx_word' id='word_1_283' title='bbox 473 2011 637 2059; x_wconf 76' lang='grc' dir='ltr'><strong><em>Πόντου)</em></strong></span> <span class='ocrx_word' id='word_1_284' title='bbox 655 2011 763 2051; x_wconf 86' lang='lat' dir='ltr'>Haec</span> <span class='ocrx_word' id='word_1_285' title='bbox 777 2011 956 2063; x_wconf 82' lang='lat' dir='ltr'>iungere,</span> <span class='ocrx_word' id='word_1_286' title='bbox 969 2011 1009 2050; x_wconf 90' lang='lat'>&amp;</span> <span class='ocrx_word' id='word_1_287' title='bbox 1022 2011 1256 2062; x_wconf 79' lang='lat' dir='ltr'>interpretari</span> <span class='ocrx_word' id='word_1_288' title='bbox 1269 2012 1334 2063; x_wconf 75' lang='lat' dir='ltr'>fic·</span> 
     </span>
     <span class='ocr_line' id='line_1_34' title="bbox 77 2064 1334 2119; baseline 0.001 -15"><span class='ocrx_word' id='word_1_289' title='bbox 77 2065 173 2119; x_wconf 79' lang='lat' dir='ltr'>giens</span> <span class='ocrx_word' id='word_1_290' title='bbox 187 2066 223 2104; x_wconf 84' lang='lat' dir='ltr'>in</span> <span class='ocrx_word' id='word_1_291' title='bbox 246 2065 415 2113; x_wconf 85' lang='lat' dir='ltr'>Pontum,</span> <span class='ocrx_word' id='word_1_292' title='bbox 433 2065 543 2105; x_wconf 87' lang='lat' dir='ltr'>suasit</span> <span class='ocrx_word' id='word_1_293' title='bbox 557 2065 738 2106; x_wconf 89' lang='lat' dir='ltr'>Gronov.</span> <span class='ocrx_word' id='word_1_294' title='bbox 758 2078 837 2103; x_wconf 89' lang='lat' dir='ltr'>non</span> <span class='ocrx_word' id='word_1_295' title='bbox 854 2064 940 2104; x_wconf 80' lang='lat' dir='ltr'>satis</span> <span class='ocrx_word' id='word_1_296' title='bbox 959 2065 1083 2112; x_wconf 63' lang='lat' dir='ltr'>refile,</span> <span class='ocrx_word' id='word_1_297' title='bbox 1101 2077 1190 2104; x_wconf 87' lang='lat' dir='ltr'>cum</span> <span class='ocrx_word' id='word_1_298' title='bbox 1209 2065 1334 2105; x_wconf 87' lang='lat' dir='ltr'>Grae·</span> 
     </span>
     <span class='ocr_line' id='line_1_35' title="bbox 79 2118 1334 2172; baseline 0.002 -14"><span class='ocrx_word' id='word_1_299' title='bbox 79 2120 126 2158; x_wconf 82' lang='lat' dir='ltr'>ca</span> <span class='ocrx_word' id='word_1_300' title='bbox 143 2119 210 2158; x_wconf 82' lang='lat' dir='ltr'>vix</span> <span class='ocrx_word' id='word_1_301' title='bbox 228 2131 316 2159; x_wconf 86' lang='lat' dir='ltr'>eum</span> <span class='ocrx_word' id='word_1_302' title='bbox 333 2118 478 2159; x_wconf 86' lang='lat' dir='ltr'>sensum</span> <span class='ocrx_word' id='word_1_303' title='bbox 500 2120 700 2172; x_wconf 84' lang='lat' dir='ltr'>patiantur.</span> <span class='ocrx_word' id='word_1_304' title='bbox 721 2118 803 2158; x_wconf 85' lang='lat' dir='ltr'>Nec</span> <span class='ocrx_word' id='word_1_305' title='bbox 824 2119 931 2158; x_wconf 89' lang='lat' dir='ltr'>iuvat</span> <span class='ocrx_word' id='word_1_306' title='bbox 947 2120 1070 2158; x_wconf 87' lang='lat' dir='ltr'>virum</span> <span class='ocrx_word' id='word_1_307' title='bbox 1090 2119 1243 2158; x_wconf 62' lang='lat' dir='ltr'>doctum</span> <span class='ocrx_word' id='word_1_308' title='bbox 1259 2120 1334 2160; x_wconf 89' lang='lat' dir='ltr'>loc.</span> 
     </span>
     <span class='ocr_line' id='line_1_36' title="bbox 81 2171 1333 2224; baseline 0.001 -13"><span class='ocrx_word' id='word_1_309' title='bbox 81 2185 130 2212; x_wconf 85' lang='lat' dir='ltr'>ex</span> <span class='ocrx_word' id='word_1_310' title='bbox 151 2171 320 2219; x_wconf 86' lang='lat' dir='ltr'>Nostro,</span> <span class='ocrx_word' id='word_1_311' title='bbox 336 2173 403 2212; x_wconf 91' lang='lat' dir='ltr'>ubi</span> <span class='ocrx_word' id='word_1_312' title='bbox 425 2174 606 2224; x_wconf 59' lang='grc' dir='ltr'>προΐωμεν</span> <span class='ocrx_word' id='word_1_313' title='bbox 630 2172 675 2211; x_wconf 67' lang='grc' dir='ltr'>Σὲ</span> <span class='ocrx_word' id='word_1_314' title='bbox 697 2171 768 2216; x_wconf 63' lang='lat' dir='ltr'>usn</span> <span class='ocrx_word' id='word_1_315' title='bbox 792 2171 860 2211; x_wconf 68' lang='grc' dir='ltr'>τὴν</span> <span class='ocrx_word' id='word_1_316' title='bbox 878 2173 942 2212; x_wconf 69' lang='grc' dir='ltr'>ἐπὶ</span> <span class='ocrx_word' id='word_1_317' title='bbox 965 2172 1134 2224; x_wconf 73' lang='grc' dir='ltr'><strong><em>Κορίνθου.</em></strong></span> <span class='ocrx_word' id='word_1_318' title='bbox 1160 2173 1211 2210; x_wconf 82' lang='lat' dir='ltr'>lbi</span> <span class='ocrx_word' id='word_1_319' title='bbox 1231 2174 1333 2212; x_wconf 87' lang='lat' dir='ltr'>enim</span> 
     </span>
     <span class='ocr_line' id='line_1_37' title="bbox 80 2224 1332 2280; baseline -0.001 -14"><span class='ocrx_word' id='word_1_320' title='bbox 80 2238 131 2266; x_wconf 88' lang='lat' dir='ltr'>ne</span> <span class='ocrx_word' id='word_1_321' title='bbox 150 2226 310 2266; x_wconf 85' lang='lat' dir='ltr'>verbum</span> <span class='ocrx_word' id='word_1_322' title='bbox 331 2226 481 2278; x_wconf 80' lang='lat' dir='ltr'>quidem</span> <span class='ocrx_word' id='word_1_323' title='bbox 507 2226 664 2280; x_wconf 73' lang='grc' dir='ltr'>φεύγειν</span> <span class='ocrx_word' id='word_1_324' title='bbox 689 2227 881 2278; x_wconf 79' lang='lat' dir='ltr'>occurrit,</span> <span class='ocrx_word' id='word_1_325' title='bbox 898 2225 938 2265; x_wconf 73' lang='grc' dir='ltr'>δι</span> <span class='ocrx_word' id='word_1_326' title='bbox 961 2228 1138 2267; x_wconf 87' lang='lat' dir='ltr'>reticetur</span> <span class='ocrx_word' id='word_1_327' title='bbox 1161 2224 1265 2274; x_wconf 53' lang='lat' dir='ltr'>isto,</span> <span class='ocrx_word' id='word_1_328' title='bbox 1291 2226 1332 2265; x_wconf 76' lang='grc' dir='ltr'>δι</span> 
     </span>
     <span class='ocr_line' id='line_1_38' title="bbox 79 2278 1335 2332; baseline 0 -13"><span class='ocrx_word' id='word_1_329' title='bbox 79 2278 248 2332; x_wconf 76' lang='lat' dir='ltr'>syntaxis</span> <span class='ocrx_word' id='word_1_330' title='bbox 269 2291 351 2320; x_wconf 83' lang='lat' dir='ltr'>tota</span> <span class='ocrx_word' id='word_1_331' title='bbox 367 2281 442 2320; x_wconf 83' lang='lat' dir='ltr'>alia</span> <span class='ocrx_word' id='word_1_332' title='bbox 458 2279 531 2326; x_wconf 88' lang='lat' dir='ltr'>est,</span> <span class='ocrx_word' id='word_1_333' title='bbox 554 2280 596 2319; x_wconf 70' lang='grc' dir='ltr'>δι</span> <span class='ocrx_word' id='word_1_334' title='bbox 624 2281 715 2318; x_wconf 85' lang='lat' dir='ltr'>haec</span> <span class='ocrx_word' id='word_1_335' title='bbox 736 2280 945 2319; x_wconf 85' lang='lat' dir='ltr'>verborum</span> <span class='ocrx_word' id='word_1_336' title='bbox 971 2291 1096 2319; x_wconf 89' lang='lat' dir='ltr'>mens:</span> <span class='ocrx_word' id='word_1_337' title='bbox 1112 2282 1335 2331; x_wconf 81' lang='lat' dir='ltr'>procedamus</span> 
     </span>
     <span class='ocr_line' id='line_1_39' title="bbox 80 2331 1334 2385; baseline 0 -13"><span class='ocrx_word' id='word_1_338' title='bbox 80 2334 139 2372; x_wconf 77' lang='lat' dir='ltr'>via</span> <span class='ocrx_word' id='word_1_339' title='bbox 160 2337 210 2372; x_wconf 86' lang='lat' dir='ltr'>ad</span> <span class='ocrx_word' id='word_1_340' title='bbox 226 2334 420 2373; x_wconf 80' lang='lat' dir='ltr'>Corinthum</span> <span class='ocrx_word' id='word_1_341' title='bbox 440 2336 596 2382; x_wconf 80' lang='lat' dir='ltr'>ducente,</span> <span class='ocrx_word' id='word_1_342' title='bbox 617 2346 698 2385; x_wconf 89' lang='lat' dir='ltr'>quo</span> <span class='ocrx_word' id='word_1_343' title='bbox 712 2333 824 2383; x_wconf 62' lang='lat' dir='ltr'>paeto</span> <span class='ocrx_word' id='word_1_344' title='bbox 840 2334 934 2372; x_wconf 88' lang='lat' dir='ltr'>bene</span> <span class='ocrx_word' id='word_1_345' title='bbox 950 2331 1014 2372; x_wconf 73' lang='grc' dir='ltr'>ἐπὶ</span> <span class='ocrx_word' id='word_1_346' title='bbox 1035 2345 1122 2372; x_wconf 87' lang='lat' dir='ltr'>cum</span> <span class='ocrx_word' id='word_1_347' title='bbox 1143 2334 1257 2385; x_wconf 83' lang='lat' dir='ltr'>genit.</span> <span class='ocrx_word' id='word_1_348' title='bbox 1279 2332 1334 2372; x_wconf 83' lang='lat' dir='ltr'>ef-</span> 
     </span>
     <span class='ocr_line' id='line_1_40' title="bbox 81 2385 1334 2436; baseline -0.002 -10"><span class='ocrx_word' id='word_1_349' title='bbox 81 2385 224 2434; x_wconf 81' lang='lat' dir='ltr'>fertur3</span> <span class='ocrx_word' id='word_1_350' title='bbox 247 2398 285 2426; x_wconf 83' lang='lat' dir='ltr'>at</span> <span class='ocrx_word' id='word_1_351' title='bbox 298 2387 446 2427; x_wconf 80' lang='lat' dir='ltr'>nostrae</span> <span class='ocrx_word' id='word_1_352' title='bbox 459 2387 750 2427; x_wconf 61' lang='lat' dir='ltr'>constructionis</span> <span class='ocrx_word' id='word_1_353' title='bbox 765 2387 838 2425; x_wconf 80' lang='lat' dir='ltr'>alia</span> <span class='ocrx_word' id='word_1_354' title='bbox 850 2387 902 2426; x_wconf 90' lang='lat' dir='ltr'>est</span> <span class='ocrx_word' id='word_1_355' title='bbox 916 2385 1169 2433; x_wconf 84' lang='lat' dir='ltr'>neceffitudo,</span> <span class='ocrx_word' id='word_1_356' title='bbox 1188 2399 1231 2426; x_wconf 91' lang='lat' dir='ltr'>ac</span> <span class='ocrx_word' id='word_1_357' title='bbox 1246 2385 1334 2436; x_wconf 72' lang='grc' dir='ltr'>φεύ-</span> 
     </span>
     <span class='ocr_line' id='line_1_41' title="bbox 117 2439 1335 2493; baseline -0.002 -14"><span class='ocrx_word' id='word_1_358' title='bbox 117 2455 168 2480; x_wconf 80' lang='grc' dir='ltr'>ειν</span> <span class='ocrx_word' id='word_1_359' title='bbox 190 2453 278 2480; x_wconf 92' lang='lat' dir='ltr'>cum</span> <span class='ocrx_word' id='word_1_360' title='bbox 294 2441 380 2487; x_wconf 70' lang='grc' dir='ltr'>ἐπὶ,</span> <span class='ocrx_word' id='word_1_361' title='bbox 398 2442 551 2493; x_wconf 89' lang='lat' dir='ltr'>quando</span> <span class='ocrx_word' id='word_1_362' title='bbox 563 2452 712 2480; x_wconf 89' lang='lat' dir='ltr'>motum</span> <span class='ocrx_word' id='word_1_363' title='bbox 727 2441 771 2479; x_wconf 83' lang='lat' dir='ltr'>ad</span> <span class='ocrx_word' id='word_1_364' title='bbox 785 2440 914 2480; x_wconf 91' lang='lat' dir='ltr'>locum</span> <span class='ocrx_word' id='word_1_365' title='bbox 928 2440 1114 2486; x_wconf 89' lang='lat' dir='ltr'>involvit,</span> <span class='ocrx_word' id='word_1_366' title='bbox 1128 2439 1211 2492; x_wconf 85' lang='lat' dir='ltr'>post</span> <span class='ocrx_word' id='word_1_367' title='bbox 1222 2439 1259 2478; x_wconf 92' lang='lat' dir='ltr'>se</span> <span class='ocrx_word' id='word_1_368' title='bbox 1273 2441 1335 2478; x_wconf 81' lang='lat' dir='ltr'>ba-</span> 
     </span>
     <span class='ocr_line' id='line_1_42' title="bbox 130 2491 1334 2547; baseline -0.001 -14"><span class='ocrx_word' id='word_1_369' title='bbox 130 2506 144 2533; x_wconf 94' lang='lat' dir='ltr'>t</span> <span class='ocrx_word' id='word_1_370' title='bbox 169 2494 369 2534; x_wconf 80' lang='lat' dir='ltr'>accusandi</span> <span class='ocrx_word' id='word_1_371' title='bbox 390 2494 529 2535; x_wconf 90' lang='lat' dir='ltr'>casum.</span> <span class='ocrx_word' id='word_1_372' title='bbox 547 2495 607 2534; x_wconf 87' lang='lat' dir='ltr'>Sic</span> <span class='ocrx_word' id='word_1_373' title='bbox 623 2494 688 2533; x_wconf 72' lang='grc' dir='ltr'>ἐπὶ</span> <span class='ocrx_word' id='word_1_374' title='bbox 707 2497 760 2533; x_wconf 67' lang='grc' dir='ltr'>τὰ</span> <span class='ocrx_word' id='word_1_375' title='bbox 773 2495 831 2546; x_wconf 60' lang='lat' dir='ltr'>&#39;opu</span> <span class='ocrx_word' id='word_1_376' title='bbox 849 2494 1078 2547; x_wconf 62' lang='grc' dir='ltr'>ἀναφεύγειν</span> <span class='ocrx_word' id='word_1_377' title='bbox 1091 2494 1127 2532; x_wconf 87' lang='lat' dir='ltr'>in</span> <span class='ocrx_word' id='word_1_378' title='bbox 1142 2493 1230 2542; x_wconf 84' lang='lat' dir='ltr'>Arr.</span> <span class='ocrx_word' id='word_1_379' title='bbox 1245 2491 1334 2532; x_wconf 75' lang='grc' dir='ltr'><strong><em>ἀνοι-</em></strong></span> 
     </span>
     <span class='ocr_line' id='line_1_43' title="bbox 73 2546 1335 2642; baseline -0.002 -51"><span class='ocrx_word' id='word_1_380' title='bbox 73 2547 192 2596; x_wconf 63' lang='grc' dir='ltr'>βὲισει</span> <span class='ocrx_word' id='word_1_381' title='bbox 210 2548 253 2590; x_wconf 84' lang='lat' dir='ltr'>L.</span> <span class='ocrx_word' id='word_1_382' title='bbox 266 2547 343 2598; x_wconf 83' lang='lat' dir='ltr'>ul,</span> <span class='ocrx_word' id='word_1_383' title='bbox 359 2562 397 2603; x_wconf 77' lang='lat' dir='ltr'>p.</span> <span class='ocrx_word' id='word_1_384' title='bbox 419 2562 510 2597; x_wconf 83' lang='lat'><em>201,</em></span> <span class='ocrx_word' id='word_1_385' title='bbox 533 2549 575 2590; x_wconf 74' lang='grc' dir='ltr'>δι</span> <span class='ocrx_word' id='word_1_386' title='bbox 593 2546 630 2587; x_wconf 91' lang='lat' dir='ltr'>S.</span> <span class='ocrx_word' id='word_1_387' title='bbox 651 2548 786 2589; x_wconf 83' lang='lat' dir='ltr'>Matth.</span> <span class='ocrx_word' id='word_1_388' title='bbox 802 2547 951 2597; x_wconf 83' lang='lat' dir='ltr'>XXIV,</span> <span class='ocrx_word' id='word_1_389' title='bbox 966 2552 1036 2642; x_wconf 62' lang='grc' dir='ltr'>ἕ»,</span> <span class='ocrx_word' id='word_1_390' title='bbox 1056 2547 1159 2599; x_wconf 80' lang='lat' dir='ltr'>quod</span> <span class='ocrx_word' id='word_1_391' title='bbox 1173 2547 1267 2587; x_wconf 84' lang='lat' dir='ltr'>alias</span> <span class='ocrx_word' id='word_1_392' title='bbox 1291 2547 1335 2589; x_wconf 72' lang='lat'>&amp;-</span> 
     </span>
    </p>
   </div>
   <div class='ocr_carea' id='block_1_3' title="bbox 0 2683 3 3232">
    <p class='ocr_par' dir='ltr' id='par_1_3' title="bbox 0 2683 3 3232">
     <span class='ocr_line' id='line_1_44' title="bbox 0 2683 3 3232; baseline 0 0"><span class='ocrx_word' id='word_1_393' title='bbox 0 2683 3 3232; x_wconf 95' lang='lat' dir='ltr'> </span> 
     </span>
    </p>
   </div>
  </div>
 </body>
</html>
