1783 3403
396 246 481 292 IN
531 246 1039 294 MACROBIOS.
1253 268 1340 315 471

86 329 328 374 emendatum
348 332 392 372 de
412 333 549 372 Divin.
574 333 612 380 1,
632 348 668 384 p.
692 348 741 374 m.
770 333 844 374 228
863 334 912 377 A.
937 333 1062 380 reae,
1086 346 1128 374 ut
1152 336 1242 384 mihi
1258 340 1349 389 qui-

88 386 177 425 dem
196 386 357 426 videtur.
374 388 427 426 V.
445 386 553 427 Voss.
563 389 609 428 de
624 387 718 428 Hist.
738 387 809 428 Gr.
833 387 874 428 &
895 387 1008 427 Periz.
1023 388 1071 426 ad
1091 390 1237 430 Aelian.
1252 392 1350 440 Vll,

93 450 132 478 1.
159 437 316 478 Sorm.

143 491 232 543 Pag.
261 505 344 545 123.
359 494 381 532 l.
400 506 435 532 2.
452 492 633 545 Ἰσίδωρος
655 491 671 532 ὅ
697 493 870 547 Χαρακ.)
892 493 1177 534 Accuratiffime
1204 496 1249 535 de
1273 497 1348 538 hoc

89 544 172 596 agit
185 543 376 585 Dodwell.
397 546 574 597 peculiari
597 546 746 586 Differt.
767 548 905 588 inserta
925 547 1185 601 T.11Geogr.
1210 552 1347 591 minor.

89 610 184 638 cura
200 597 371 638 Hudsoni
385 601 586 639 editorum.
601 601 760 640 Minus.

144 653 221 690 ead.
235 652 257 690 l.
275 666 310 700 4.
326 652 597 706 Σιναρθοκλῇς)
613 653 736 706 Quod
757 653 802 693 de
824 655 900 694 hoc
923 653 1148 695 Parthorum
1173 669 1284 708 rege,
1307 658 1349 698 &

89 701 212 747 statim
233 706 278 744 de
296 706 471 757 Mnascire
495 705 607 745 habet
626 707 786 755 Noster,
807 708 894 747 alibi
919 709 988 747 vix
1012 711 1205 761 reperias,
1228 711 1349 750 inimo

91 757 162 796 vix
184 759 342 798 nomina
353 772 488 799 eorum
504 760 845 812 deprehenduntur.
861 762 973 801 Adeo
989 775 1122 802 verum
1144 762 1197 802 est
1209 793 1218 810 ‚
1242 765 1348 816 quod

89 809 224 863 Scalig.
242 825 325 852 can.
350 812 439 866 lsag.
458 814 479 852 l.
499 828 535 866 3,
551 827 586 866 p.
602 816 699 866 316,
716 816 957 866 pronuntiat,
981 816 1099 855 multa
1123 829 1170 856 ex
1192 818 1350 871 ingenio

91 863 264 905 divinare
282 865 421 906 Onufr.
436 866 659 909 panvinium
680 869 717 906 in
737 868 895 907 texenda
916 868 1086 908 Parthor.
1113 883 1244 922 regum
1266 870 1349 910 suc-

90 916 275 964 ceffione‚
299 933 415 972 quam
435 919 518 960 satis
540 921 778 973 exploratam
797 934 875 960 non
899 923 1083 963 habemus
1099 923 1170 964 ἃς,
1187 925 1348 964 MAtus.

89 972 480 1026 Annezaiaeoeopmnr3
503 974 580 1013 vid.
601 975 768 1014 Vaillant
790 974 874 1015 hist.
894 975 1064 1016 Arsacid.
1089 990 1172 1030 pag.
1187 977 1261 1029 78,
1278 979 1348 1017 ad·

91 1023 235 1078 scripsit
256 1026 478 1080 Weffeling.
499 1028 640 1068 Rmrz.

144 1081 218 1118 ead.
234 1080 259 1118 l.
279 1093 309 1131 5.
325 1080 534 1133 Παρθυαίων
545 1082 561 1135 )
573 1082 750 1124 Breviter
763 1081 863 1122 Suid.
880 1082 1096 1134 Παρθυαῖος,
1121 1084 1196 1122 ἀπὸ
1213 1084 1346 1124 τόπου.

90 1130 243 1194 {lenius
264 1134 451 1188 stephan.
470 1135 566 1187 Byz.
592 1135 784 1188 Παρθυαῖοι
805 1135 893 1175 ἔθνος
918 1137 1045 1177 πάλαι
1068 1136 1136 1185 μὲν
1157 1139 1348 1188 Σκυθικὸν,

94 1181 246 1239 ὕστερον
264 1187 308 1227 δὲ
326 1192 448 1242 φυγον
465 1189 482 1231 ii
496 1204 720 1238 μετοικισαν
737 1191 797 1229 ἐπὶ
819 1187 942 1230 Μήδου
963 1190 1036 1229 διε.
1056 1191 1153 1229 Mox
1169 1192 1242 1238 ait,
1259 1193 1349 1231 Par-

91 1241 236 1293 thyaeos
256 1254 278 1280 a
302 1241 444 1282 Parthis
457 1243 551 1282 alios
572 1244 669 1281 haud
694 1243 790 1290 effe3
808 1245 913 1294 quod
932 1243 1087 1282 uberius
1104 1245 1241 1295 prohat
1267 1244 1346 1284 Sal-

94 1292 188 1333 mas.
206 1294 251 1334 ad
267 1294 384 1336 Solin.
400 1311 436 1350 p.
456 1311 471 1335 1
484 1296 566 1350 196.
587 1296 708 1348 Saepe
729 1296 924 1347 Παρθυαῖοι
952 1298 1050 1347 apud
1074 1299 1226 1337 Arrian.
1250 1299 1347 1350 Exp.

92 1347 156 1389 Al.
175 1347 228 1388 M.
247 1361 330 1402 pag.
352 1364 421 1401 *79
436 1381 445 1395 ,
461 1363 551 1400 205,
565 1363 654 1401 207,
678 1349 776 1396 208,
799 1350 839 1389 δι
854 1350 953 1403 seqq.
966 1351 1148 1403 ‘itemque
1165 1365 1251 1404 pag.
1272 1367 1347 1405 352

92 1401 151 1441 ed.
166 1401 365 1444 Blancard.
386 1405 550 1443 Mnus..

148 1458 222 1494 ead.
237 1456 260 1495 l.
275 1457 310 1496 6.
322 1457 414 1497 Ἀπὶι
428 1456 693 1509 Σακαυράκων)
709 1455 746 1496 Si
760 1469 838 1496 non
853 1456 1023 1508 poenitet
1035 1457 1348 1497 conieffinramm

93 1507 132 1547 in
146 1521 186 1548 re
199 1509 386 1558 obscura,
406 1513 638 1564 cogitemus,
657 1524 704 1550 au
723 1523 802 1550 non
821 1511 908 1550 huic
922 1512 1070 1563 populo
1089 1524 1230 1550 nomen
1248 1511 1347 1552 fece-

93 1562 169 1601 rint
184 1561 282 1604 forte
298 1564 435 1606 Graeci
457 1563 729 1617 Σοιροικσιὺλων,
743 1565 857 1616 quiin
871 1565 1028 1603 Sat-meis
1045 1563 1069 1605 s.
1090 1564 1261 1616 plaustris
1274 1581 1349 1616 per-

94 1620 246 1664 madre,
263 1618 304 1658 δι
324 1619 494 1658 habitare
514 1619 609 1657 adeo
631 1630 746 1669 atque
765 1618 919 1665 vivere,
940 1616 1072 1657 solent.
1094 1619 1251 1658 Fuerint
1279 1620 1349 1658 ita-

94 1682 172 1722 que
185 1669 258 1711 τῶν
282 1671 496 1725 ἃμαξοβίων
510 1672 672 1724 cognati.
686 1672 896 1711 Barlnrum
915 1671 1118 1724 plaustrum
1140 1675 1323 1712 Sarracum
1335 1702 1348 1720 ,

94 1725 205 1764 cuius
220 1725 320 1766 hunc
330 1728 442 1766 talem
459 1726 566 1766 usum
581 1725 739 1766 ostendit
754 1724 932 1765 Scheffer.
949 1740 970 1764 2
982 1755 997 1771 ,
1012 1726 1227 1778 31.Firmat
1241 1739 1350 1779 prae-

94 1775 221 1817 sertim
235 1779 280 1818 de
296 1780 450 1829 Alanis,
473 1792 564 1832 quo·
580 1780 736 1819 nomine
757 1778 834 1818 fere
853 1790 976 1818 totam
1000 1779 1098 1818 illam
1116 1779 1348 1830 Scytharum

97 1831 310 1872 barbariam
334 1834 640 1885 comprehendit,
659 1833 851 1871 Ammian.
871 1833 1042 1872 Marcell.
1065 1834 1217 1878 XXXI,
1237 1848 1256 1872 2
1271 1862 1282 1879 ‚
1308 1848 1349 1885 p.

98 1887 173 1935 671
193 1884 268 1939 seq.
283 1886 406 1928 Gron.
426 1888 500 1927 Sed
515 1887 569 1927 est
585 1887 697 1926 etiam
718 1887 850 1925 Saraca
863 1886 1068 1926 Sarmatiae
1093 1887 1278 1926 Asiaticae
1300 1889 1351 1927 ci..

97 1940 220 1986 vitas,
235 1940 283 1980 ab
301 1942 431 1982 eadem
453 1942 553 1981 forte
575 1941 720 1992 origine
737 1940 856 1986 diota,
870 1953 892 1979 e
910 1939 1132 1980 Ptolemaeo
1147 1941 1246 1992 apud
1261 1940 1351 1980 Cel-

97 1993 238 2034 larium
253 2007 335 2047 pag.
349 1997 437 2047 756.
453 1995 579 2036 GESN.
595 1994 698 2034 Rara
713 2006 776 2034 aut
789 1994 890 2034 nulla
906 1994 1019 2034 huius
1036 1995 1166 2046 populi
1180 1994 1354 2045 Scythici

100 2047 190 2086 alibi
210 2049 365 2090 mentio.
389 2050 460 2090 Sed
486 2049 663 2088 multitudo
687 2049 810 2101 Scyth.
833 2049 991 2100 populor.
1015 2050 1204 2095 innumera,
1232 2060 1274 2086 ur
1297 2049 1351 2087 ait

99 2100 284 2149 Plin.v1‚
313 2117 368 2150 17.
393 2103 459 2143 Sin
477 2115 573 2142 vero
598 2102 740 2142 medica
762 2114 877 2141 manu
903 2102 1044 2154 indiget
1068 2102 1200 2147 locus,
1222 2100 1352 2140 forsan

98 2155 203 2207 legas
221 2156 350 2197 Σακῶν
374 2157 440 2196 καὶ
464 2157 653 2209 Ἀριέικων,
673 2156 737 2195 vel
758 2168 839 2195 uno
858 2156 1012 2195 nomine
1035 2154 1235 2206 Χαυροινῶν.
1252 2156 1353 2204 Vel,

101 2221 147 2248 ut
178 2207 372 2250 Steinheil.
397 2211 672 2263 Σωκαροιύλων,
700 2211 746 2250 de
768 2209 907 2264 quibus
930 2207 1068 2249 Strabo
1094 2209 1136 2249 L.
1162 2209 1240 2258 XI,
1265 2221 1351 2262 pag.

185 2263 369 2305 .MA1us.

107 2276 234 2356 59i3bid.
251 2317 484 2373 Καταχθεὶς)
500 2318 638 2358 Marini
653 2318 733 2358 vita
746 2317 878 2358 Procli.
892 2316 1049 2357 SOLAN.
1062 2315 1171 2369 Quid
1183 2314 1249 2354 fibi
1261 2312 1354 2355 velf‘t

102 2369 180 2411 hoc
201 2373 386 2418 verbum,
408 2374 445 2412 in
469 2371 583 2425 ipsius
608 2372 787 2412 historiae
808 2370 1059 2417 obscuritate,
1076 2371 1266 2409 incertum
1288 2368 1353 2408 est.

104 2423 272 2465 Videtur
297 2438 424 2467 tamen
445 2437 579 2466 notare
603 2428 742 2466 reditum
758 2428 801 2465 ab
827 2426 953 2477 exfilio.
973 2425 1124 2464 Notum
1144 2423 1220 2469 est,
1244 2422 1354 2475 saepe

103 2478 299 2526 exsulare,
324 2482 391 2533 qui
411 2489 568 2533 propter
586 2479 688 2534 spem
705 2480 852 2534 imperii
876 2477 1028 2531 suspecti
1050 2489 1116 2517 aut
1138 2476 1244 2517 exosi
1267 2475 1354 2516 sunt

101 2533 384 2587 imperantibus.
403 2535 503 2577 Puto
517 2534 650 2590 igitur,
665 2535 767 2575 hunc
781 2533 1005 2574 Parthorum
1027 2545 1154 2584 regem
1171 2529 1354 2572 exsulasse

984 2585 1113 2641 Gg4
