1783 3403
277 184 350 230 ῙΝ
383 183 470 231 DE
507 184 739 231 MORTE
773 183 1125 232 PEREGRINI.
1245 195 1337 251 553¹

67 283 250 324 pompam
282 271 362 312 fere
383 273 426 312 &
458 285 481 311 a
514 271 689 326 periculo
720 272 861 325 procul
883 272 1044 312 habitis:
1076 272 1216 326 quibus
1241 272 1339 313 scili-

66 336 128 367 cet
149 325 390 366 inimicorum
413 325 540 365 insana
563 326 603 366 δι
624 325 827 378 impotenti
857 325 1009 379 prorsus
1037 328 1166 373 rabie,
1194 326 1340 379 suppli-

64 378 124 420 cia
142 377 344 431 omnisque
362 381 517 431 generis
537 391 729 419 tormenta
754 380 1010 420 imminebant.
1035 381 1108 420 His
1132 378 1208 419 non
1235 382 1337 419 dela-

66 431 96 471 ti
111 431 236 472 solum
253 445 297 472 ac
314 432 536 485 deprehensi
556 434 725 474 cervices
749 433 924 474 alacriter
947 433 1180 481 subdebant3
1201 433 1310 473 facile
1325 463 1338 479 ,

65 484 96 529 fi
114 485 298 534 libuisset,
321 487 547 539 abnegando
568 485 761 526 Christum
782 487 1026 536 firbtraaur13
1047 500 1185 527 verum
1207 500 1339 539 reper-

67 539 98 578 ti
125 540 264 586 etiam,
282 541 350 592 qui
373 539 449 580 sese
475 540 591 580 morti
620 540 749 586 ultro,
773 553 816 580 ut
843 542 904 580 hic
931 554 1024 583 vere
1046 543 1116 588 ait,
1141 540 1339 581 offerrent.

66 590 191 632 Cuius
202 593 257 633 rei
275 594 453 646 exempla
467 594 568 646 apud
581 593 842 641 Christianos,
863 596 929 648 qui
947 596 1047 635 illius
1070 595 1201 634 aetatis
1222 595 1340 634 histo-

65 645 163 691 riam
181 647 348 699 proximi
370 646 437 700 ipsi
460 646 638 700 scripsere
651 678 663 696 ‚
682 649 855 688 invenias
875 661 954 688 non
977 662 1120 700 pauca:
1145 661 1263 688 unum
1281 659 1339 687 ta-

67 711 158 739 men
172 701 208 739 in
230 701 290 740 his
309 701 518 749 eximium,
542 702 587 741 ad
608 701 715 753 quod
741 700 942 753 respexisse
963 703 1066 743 hunc
1082 702 1251 742 nostrum
1270 715 1339 755 pu-

66 763 146 793 tem
161 783 175 799 ,
194 765 324 793 narrat
345 755 382 793 in
399 755 596 807 Apologia
617 755 748 807 priore
761 785 771 801 ‚
793 756 926 808 (anno
945 770 1026 796 uno
1048 768 1116 796 aut
1133 757 1254 795 altero
1274 769 1342 795 an-

67 806 198 847 tehoc
218 820 322 861 opus
341 808 472 861 edita)
493 808 658 847 Iustinus
674 809 846 860 Martyr‚
869 823 984 862 quem
1003 811 1099 850 vide.
1116 810 1180 849 De
1200 811 1340 849 eodem

68 872 300 913 argumento
314 861 473 902 consule
496 863 609 902 etiam
631 863 688 902 M.
702 863 904 902 Aurelium
926 864 1072 903 Anton.
1088 863 1163 910 xl,
1182 877 1219 914 3,
1234 865 1274 903 δι
1300 865 1340 902 in

67 927 160 957 eum
179 915 313 955 locum
335 915 519 957 Garakeri
547 928 680 964 notas,
703 916 834 969 quiex
859 917 1059 957 Clemente
1084 918 1195 956 Alex.
1221 918 1340 957 allato

68 967 163 1008 loco
181 969 345 1021 probare
364 971 515 1016 nititur,
537 971 613 1010 hoc
627 970 674 1009 ab
688 970 730 1009 iis
745 969 956 1011 saffiratum
968 1001 981 1018 ,
1001 985 1100 1024 quos
1116 971 1279 1011 Ecclesia
1295 983 1340 1010 ut

68 1024 295 1063 temerarios
311 1023 526 1076 respuebat.
550 1024 622 1064 Sed
644 1036 754 1064 caute
770 1024 855 1072 hic,
876 1024 902 1064 si
926 1025 1084 1078 usquam
1109 1026 1220 1069 alibi,
1239 1024 1341 1063 iudi-

68 1077 234 1121 candum
257 1077 415 1118 censeo:
440 1089 484 1117 ut
498 1078 603 1118 enim
627 1078 846 1117 temeritatis
866 1078 981 1132 culpa
995 1078 1140 1118 absolvi
1159 1091 1236 1117 non
1252 1077 1342 1131 pos-

68 1129 108 1170 se
135 1130 314 1178 arbitror,
334 1132 401 1184 qui
424 1130 461 1171 se
486 1132 615 1178 ultro,
643 1131 747 1171 nulla
772 1145 935 1183 cogente
956 1132 1194 1178 necessitate,
1222 1133 1340 1171 morti

70 1183 262 1233 offerant;
282 1186 334 1226 ita
347 1214 358 1232 ,
371 1197 414 1226 ut
425 1185 622 1225 heroicam
637 1187 880 1238 quorundam
904 1199 984 1226 non
1006 1186 1154 1240 possum
1174 1186 1265 1238 quin
1282 1185 1345 1225 su-

71 1236 227 1290 spiciam
249 1237 364 1282 fidem
379 1269 391 1287 ‚
417 1240 486 1293 qui
517 1239 554 1279 se
576 1240 699 1292 palam
733 1238 994 1288 Christianos,
1017 1240 1126 1280 nullo
1153 1251 1315 1292 cogente
1329 1270 1344 1288 ,

70 1291 225 1345 profeffi
239 1294 287 1333 ad
300 1292 481 1347 supplicia
496 1306 589 1333 mox
604 1294 704 1346 rapti
721 1292 816 1332 sunt.
831 1293 989 1332 SOLAN.

126 1347 207 1387 ibid.
217 1342 409 1400 Ἔπειτα)
423 1346 646 1399 Quemnam
664 1347 836 1386 voluerit
845 1347 991 1399 primum
1013 1347 1276 1399 christianorum
1297 1348 1343 1386 le-

24 1428 27 1431 -
70 1401 265 1454 gislatorem
277 1400 374 1449 effe,
393 1402 459 1453 qui
477 1400 596 1440 verba
615 1401 677 1440 hic
697 1399 787 1440 facit
799 1429 809 1445 ‚
833 1412 898 1440 aut
911 1400 978 1440 sub
992 1401 1072 1440 eius
1085 1399 1244 1452 persona
1261 1401 1344 1439 Lu*

72 1455 226 1502 cianus,
248 1455 348 1495 haud
372 1455 536 1494 multum
559 1453 644 1493 sane
659 1454 785 1494 nostra
801 1454 975 1503 interest;
993 1467 1081 1494 cum
1099 1455 1251 1506 utrique
1266 1467 1342 1507 pa—

73 1521 161 1549 rum
176 1520 270 1548 nota
293 1508 408 1548 fuerit
423 1508 729 1548 Christianorum
752 1507 953 1560 disciplina.
979 1508 1070 1548 Sive
1085 1509 1187 1547 enim
1207 1508 1342 1559 Moftm

73 1561 154 1603 sive
171 1563 334 1616 Christum
349 1563 508 1603 innuere
522 1562 689 1602 voluerit
702 1591 712 1607 ‚
735 1574 835 1614 quos
855 1561 957 1601 solos
973 1561 1207 1614 legislatores
1221 1574 1344 1613 agno-

73 1629 168 1657 vere
184 1629 356 1669 unquam
372 1615 598 1662 Christiani,
613 1626 679 1656 aut
695 1616 911 1676 imperitum
931 1615 966 1656 se
979 1616 1198 1667 prodiderit,
1213 1628 1280 1654 aut
1295 1615 1343 1654 si·

74 1670 114 1711 bi
129 1683 208 1711 non
234 1671 320 1711 satis
343 1669 542 1711 constabit.
561 1669 690 1711 Moses
706 1682 806 1708 enim
820 1685 883 1722 pro
890 1669 1060 1721 fratribus
1082 1671 1251 1708 habendos
1271 1682 1342 1708 eos

73 1723 180 1765 solos
195 1723 354 1766 sancivit
368 1752 378 1770 ‚
395 1725 461 1776 qui
485 1736 533 1764 ex
547 1725 681 1764 eodem
705 1736 842 1776 genere
866 1724 1046 1770 oriundi,
1068 1734 1157 1769 aut,
1185 1736 1251 1776 per
1274 1724 1348 1762 cir-

75 1777 348 1819 cumcifionem
367 1777 537 1831 aliosque
559 1777 779 1818 Christianis
795 1779 867 1815 iam
883 1778 1089 1830 abrogatos
1110 1778 1206 1817 ritus
1220 1808 1231 1822 ,
1252 1776 1344 1815 insi-

74 1833 150 1872 titii
176 1831 316 1872 effent:
341 1831 516 1872 Christus
541 1843 671 1872 autem
695 1831 809 1870 huius
829 1831 1019 1883 dogmatis
1047 1844 1161 1870 verus
1185 1830 1344 1879 auftor,

75 1886 176 1933 idem
205 1885 268 1926 ille
294 1885 372 1933 est,
393 1887 459 1938 qui
482 1886 699 1925 adorandus
726 1883 950 1924 Christianis
970 1886 1225 1938 proponitur3
1250 1898 1341 1924 cum

74 1939 138 1980 ille
158 1938 326 1980 diversos
339 1938 464 1979 faciat.
480 1939 593 1979 Unde
612 1939 653 1980 &
674 1938 868 1983 nonnullis
881 1938 1055 1978 Paullum
1079 1938 1273 1991 designare
1288 1939 1347 1977 vi-

75 1992 140 2034 sus
159 1993 225 2036 est.
252 1993 325 2034 Sed
348 1992 483 2034 frustra
497 1993 693 2039 laborant,
713 1993 800 2045 qui,
823 1993 931 2046 quod
947 1992 1106 2033 nescivit
1120 2023 1130 2038 ,
1150 1993 1218 2044 qui
1244 1993 1345 2032 dice-

76 2048 168 2095 bat,
186 2047 311 2089 facere
333 2047 473 2087 volunt
503 2057 546 2087 ut
571 2046 734 2087 sciverit.
764 2047 836 2086 Sed
867 2059 1081 2098 pergamus.
1109 2046 1346 2086 Christiano-

76 2114 164 2142 rum
183 2114 267 2141 aem
286 2100 393 2141 fuisse
411 2101 503 2144 dicit
516 2099 746 2153 disciplinam
760 2130 772 2147 ‚
804 2113 845 2139 ut
863 2100 901 2139 se
919 2113 990 2152 pro
1006 2099 1184 2140 fratribus
1200 2112 1343 2139 mutuo

77 2155 289 2203 haberent,
309 2156 424 2208 idque
450 2155 676 2207 legislatoris
695 2154 774 2200 sui,
794 2153 962 2206 quisquis
990 2154 1143 2193 demum
1168 2154 1229 2192 ille
1253 2152 1346 2193 sueq-

73 2210 145 2257 μὴ,
159 2209 330 2249 caritatis
344 2221 503 2250 mutuae
518 2208 658 2248 iaRum
675 2206 978 2248 fundamentum.
997 2209 1088 2248 Hoc
1105 2208 1170 2260 qui
1189 2208 1254 2252 ait,
1268 2206 1348 2245 fan-

79 2263 132 2305 do
149 2263 363 2303 inaudierat
374 2277 387 2311 ;
409 2275 451 2303 ut
468 2262 549 2302 fors
565 2262 672 2308 tulit,
696 2261 896 2301 verissime.
917 2261 1025 2314 Quid
1043 2262 1198 2307 dixerit,
1216 2260 1345 2299 vides:

80 2317 173 2369 quid
197 2317 279 2357 veri
305 2316 445 2365 subsit,
466 2316 622 2358 minime
643 2316 858 2358 monendus
877 2347 889 2365 ‚
914 2316 1085 2369 quisquis
1110 2314 1348 2356 Christianus

31 2370 36 2375 '
80 2371 175 2415 haec
198 2371 305 2422 legis.
332 2371 492 2412 SoLAN.

154 2425 233 2464 ibid.
247 2425 288 2464 ‘O
311 2424 504 2475 νομοθέτης
525 2423 540 2463 ὅ
564 2422 742 2477 πρῶτος)
768 2422 875 2476 Quis
894 2422 956 2462 hic
978 2422 1130 2474 primus
1152 2421 1346 2473 legislator

81 2477 586 2533 Christianorum3ipsemet
604 2476 797 2528 Christus,
820 2477 984 2531 inquies.
996 2477 1050 2520 At
1072 2477 1222 2517 nonita
1236 2474 1346 2515 sentit
