1783 3403
306 186 375 232 IN
409 186 495 233 DE
530 185 764 232 MORTE
797 187 1158 236 PEREGRINI.
1278 206 1364 257 551

97 282 189 313 teus.
200 285 272 325 pro
286 273 578 328 peregrino-dici
591 286 771 328 coeptus,
788 275 830 316 &
851 276 1038 328 adoptivo
1057 279 1288 330 cognomine
1301 293 1371 322 ve·

96 327 304 367 nerabilior
319 327 462 376 faetus,
481 329 520 368 &
539 330 829 382 quodammodo
845 330 1042 380 θειότερος.
1055 330 1085 368 F
1088 342 1212 376 ABER.

151 380 234 419 ibid.
259 385 386 421 Koeevbf
399 383 619 433 Σωκράτης)
638 384 717 422 Vix
739 383 941 436 quisquam
965 383 1111 424 saetam
1133 388 1282 434 credet,
1302 388 1370 440 qui

97 431 342 475 Christianos
361 436 460 475 illius
482 437 616 476 aetatis
637 438 766 484 norit,
795 438 862 490 qui
885 437 976 477 suos
1002 449 1193 490 martyres
1215 441 1370 481 confes-

95 485 253 528 soresve
268 489 384 542 longe
401 489 638 542 philosophis
662 490 955 543 praestantiores
971 491 1175 539 ducebant.
1191 492 1260 532 Sed
1279 495 1373 536 viro

94 540 271 594 alioquin
295 543 450 582 erudito
469 546 509 584 δι
526 545 722 597 eloquenti
739 546 775 585 in
795 558 961 585 mentem
978 558 1057 585 non
1073 547 1198 597 potuit
1213 547 1272 588 hic
1286 561 1370 589 non

93 596 235 635 -venire
249 596 451 646 Socrates;
468 598 578 637 cuius
599 599 889 650 comparatione
909 599 1010 652 apud
1031 600 1218 640 Ethnicos
1244 601 1370 642 homi·

92 659 167 688 nes
193 650 292 689 haud
316 663 458 704 magno
483 663 627 692 conatu
649 653 765 692 risum
787 665 868 693 erat
888 653 927 692 in
953 652 1199 708 Peregrinum
1223 656 1369 696 confla-

93 711 222 742 turus.
242 702 402 744 SOLAN.

148 759 224 796 ead.
238 759 261 796 l.
280 755 316 797 2‘.
335 758 409 797 Τῶν
426 757 462 799 ἐν
477 758 587 810 Ἀσίῳ
598 759 759 813 πόλεων)
770 759 814 798 In
836 759 952 811 Syria
975 770 1058 800 erat
1075 760 1301 814 Peregrinus
1327 762 1368 802 in

33 827 38 834 =
94 810 250 850 vincula
271 813 471 852 coniectus
484 842 497 858 ,
517 824 562 852 ut
583 813 730 866 liquido
751 823 855 866 patet
868 827 917 853 ex
931 827 1012 867 cap.
1027 830 1053 863 4
1072 814 1112 854 δι
1141 828 1154 853 1
1168 829 1201 863 1,
1217 816 1257 856 δι
1272 829 1368 856 mox

91 876 116 904 a
131 862 266 915 Syriae
282 865 478 906 Praefecto
493 866 667 907 emiffum
688 868 841 907 audies:
866 869 970 920 quod
992 868 1078 908 ideo
1101 867 1290 918 observo,
1317 883 1372 911 ner

93 930 212 970 quem
242 919 385 959 itineris
410 921 459 959 ab
482 920 535 960 eis
556 933 602 960 ea
633 920 742 961 causa
770 920 929 973 suscepti
963 921 1081 974 fugiat
1112 924 1371 975 magnitudo,

92 981 246 1024 utque,
262 986 364 1025 quae
387 974 523 1014 deinde
547 975 594 1014 de
617 974 921 1015 Christianorum
943 976 1135 1016 celeritate
1154 977 1195 1016 &
1215 978 1253 1016 in
1278 978 1367 1018 uni..

91 1025 248 1067 ·versum
267 1040 360 1067 cura
381 1029 586 1076 adduntur,
602 1030 738 1069 melius
756 1029 1021 1081 intelligantur.
1051 1029 1210 1070 SOLAN.

147 1082 222 1119 ead.
244 1082 267 1120 l.
284 1096 319 1130 4.
338 1081 432 1120 Ἀπὸ
452 1081 521 1121 τοῦ
545 1081 666 1123 noevoii
686 1082 803 1135 ssone.)
823 1083 928 1122 Nihil
950 1082 1037 1123 sane
1060 1083 1365 1136 magnificentius

91 1133 140 1172 de
159 1133 465 1176 Christianorum
489 1137 643 1176 caritate
663 1138 870 1190 praedicari
890 1138 1018 1190 potuit
1031 1167 1044 1183 ‚
1068 1139 1179 1177 cuius
1200 1151 1295 1177 cura
1319 1151 1366 1179 ac

90 1185 312 1229 sollicitudo
342 1202 421 1229 non
443 1191 602 1244 corpori
625 1199 801 1237 tantum,
827 1190 893 1230 etsi
921 1192 1124 1242 corporeis
1152 1192 1269 1230 etiam
1296 1205 1365 1232 ne-

93 1241 328 1283 ceffitatibus
347 1242 525 1283 subvenit
537 1275 549 1293 ,
567 1243 628 1283 sed
643 1245 776 1283 animo
792 1244 1024 1296 potiffimum
1046 1244 1229 1293 consulit3
1245 1259 1364 1298 quem

91 1296 245 1336 ratione
266 1296 308 1336 δι
333 1296 662 1337 consolationibus
679 1296 859 1337 adversus
881 1298 978 1337 mala
1004 1298 1150 1337 instruit
1168 1300 1207 1338 &
1227 1312 1364 1340 armat.

94 1348 209 1402 Quin
221 1381 238 1399 ‚,
253 1351 358 1404 quod
373 1351 499 1391 maius
514 1351 589 1398 est,
611 1364 662 1391 ex
682 1364 753 1391 ore
772 1352 846 1391 hoc
860 1352 966 1391 audis
985 1352 1153 1391 hominis
1175 1353 1209 1390 id
1237 1353 1362 1405 ipsum

92 1405 268 1456 agentis,
289 1416 332 1444 ut
355 1418 443 1446 cum
477 1405 682 1457 peregrino
714 1404 956 1445 Christianos
988 1406 1121 1444 ludum
1152 1405 1363 1458 iocumque

90 1457 244 1497 habeat.
272 1457 472 1499 Pausanias
498 1460 540 1499 in
559 1460 638 1498 vita
661 1458 913 1499 Aristomenis
939 1460 1070 1499 eadem
1094 1459 1213 1499 ferme
1239 1460 1363 1500 verba

90 1511 256 1564 usurpat
276 1526 360 1565 pag.
388 1514 464 1567 236
487 1513 544 1552 ed.
559 1512 640 1553 Ox.
654 1512 775 1553 Corn.
795 1512 893 1565 Nep.
915 1513 976 1553 cui
995 1526 1040 1552 ea
1064 1513 1145 1552 vita
1164 1511 1364 1554 subiunaa

93 1563 334 1618 est.'‘Avd⁸poef
354 1566 400 1607 ἒὲ
419 1565 492 1606 τῶν
514 1567 551 1606 ἐν
573 1567 677 1606 τέλει
692 1567 889 1615 ’πέμπουσι
909 1567 1191 1619 παραμυθεΐᾶειι
1212 1571 1364 1608 Μεσση-

93 1620 192 1660 νίους
214 1620 290 1660 διε.
309 1621 492 1675 praemiffi's
508 1621 682 1661 civitatum
690 1620 902 1674 principibus
914 1649 925 1668 ‚
948 1620 1007 1674 qui
1018 1620 1132 1672 socIOs
1150 1622 1361 1673 confhlaren-

90 1685 165 1713 -ιιιν,
189 1673 349 1716 δοιΑΝ.

149 1730 224 1767 ead.
245 1729 269 1768 l.
296 1744 327 1782 5.
350 1725 594 1782 Ἀμήχανον)
618 1728 709 1768 Hoc
734 1737 892 1780 propter
909 1726 1121 1781 susceptum
1145 1727 1192 1767 ab
1218 1727 1261 1767 iis
1287 1729 1361 1768 iter

90 1792 172 1821 tam
195 1783 356 1834 longum
385 1795 488 1822 nunc
509 1782 633 1830 addit3
656 1794 699 1822 ut
717 1780 934 1822 facilitatem
956 1781 1260 1822 Christianorum
1275 1813 1286 1830 ‚
1312 1783 1359 1822 ad

92 1835 200 1876 suam
215 1835 407 1876 historiam
424 1848 658 1888 magnopere
677 1835 902 1883 facientem,
915 1834 1097 1875 ostendat.
1120 1835 1217 1887 Qua
1239 1837 1276 1874 in
1293 1849 1332 1875 re
1346 1867 1360 1884 ‚

92 1891 188 1930 dum
213 1903 306 1943 prae
331 1890 458 1930 studio
488 1889 741 1938 detrectandi,
764 1901 808 1929 ut
830 1889 896 1937 fit,
917 1902 977 1928 res
999 1889 1036 1928 in
1067 1891 1194 1929 medio
1217 1889 1361 1942 positas

96 1944 196 1984 male
224 1944 513 1998 interpretando
545 1956 795 1995 corrumpere
827 1942 1034 1983 enixiffime
1056 1953 1246 1990 conatur,
1278 1945 1358 1983 exi-

95 1999 218 2039 mium
240 1999 461 2051 imprudens
480 1997 786 2038 Christianorum
807 1997 923 2038 decus
944 1997 1157 2050 praedicat·,
1174 1998 1214 2037 δι
1237 2010 1277 2035 ut
1285 1998 1358 2050 sa-v

91 2067 170 2107 γει-ε
188 2052 357 2100 videatur,
373 2053 499 2092 coelum
519 2051 650 2105 ipfitm,
664 2063 707 2091 ut
730 2053 784 2090 ait
797 2051 879 2099 ille,
903 2051 1087 2103 vituperat.
1114 2050 1272 2090 SOLAN.

150 2109 225 2146 ead.
244 2108 266 2146 l.
283 2107 319 2146 6.
333 2106 491 2146 Γένητοιι
504 2136 518 2153 ,
537 2104 744 2158 ἓημὸσιον)
763 2105 967 2146 Commate
991 2105 1085 2146 haec
1105 2104 1266 2144 distinxit
1286 2104 1356 2146 So-

94 2161 173 2201 lan.
194 2159 310 2213 quod>
327 2161 458 2200 aberat
479 2161 526 2199 ab
545 2160 630 2200 edd.
653 2159 801 2199 Rmz.

162 2217 237 2253 ead.
259 2215 283 2253 l.
305 2228 344 2265 7.
367 2215 421 2254 Ἐν
446 2212 591 2268 βραχεῖ’
605 2215 684 2267 ’γὰρ
714 2210 917 2265 &madefieri
941 2211 1126 2264 πάντων)
1149 2212 1244 2252 Illico
1268 2212 1355 2251 enirn

96 2268 187 2309 nulli
199 2269 244 2307 rei
255 2267 567 2322 parcunt.1nterp.
583 2267 700 2308 Male.
719 2267 955 2307 Vertendum
969 2266 1069 2306 enim
1084 2265 1228 2306 fuerat:
1245 2267 1356 2314 Nam,

97 2335 142 2362 ut
153 2324 276 2376 paucis
289 2322 486 2374 absolvam,
507 2321 594 2362 nulli
615 2322 659 2361 rei
672 2333 829 2375 parcunt.
847 2321 891 2360 Id
908 2319 1119 2372 παιδαρίων
1140 2317 1248 2358 ἕνεκα,
1273 2331 1355 2359 mo·

93 2389 256 2423 nemus,
280 2376 351 2416 nisi
375 2386 504 2416 tamen
525 2375 593 2429 ipsi
617 2389 685 2429 per
705 2375 741 2416 se
765 2377 948 2415 viderent.
966 2373 1124 2413 FABER.
1145 2373 1229 2427 Ego
1245 2386 1355 2414 com·

98 2441 203 2471 mate
221 2429 305 2482 post
319 2433 399 2486 γὰρ
416 2431 541 2470 addito
556 2429 676 2470 sensui
693 2429 879 2470 consului.
900 2429 1049 2469 REITz.

152 2486 266 2527 eadd.
283 2499 321 2540 9.
344 2483 529 2540 Πρόσοὲον
550 2481 588 2526 οὗ
609 2486 746 2538 μικρὰν
765 2483 910 2527 ταύτην
932 2481 1180 2577 {offitio-avve)
1206 2480 1357 2522 Corru-

1024 2549 1061 2575 m
1089 2551 1115 2586 4
