1835 3408
437 112 525 171 564
643 103 1507 153 ANNOTATIONES

428 195 535 247 cho;
547 196 689 248 quippe
703 208 747 234 ea
762 206 902 240 narrat,
912 207 1009 247 quae
1021 195 1189 233 nondum
1205 207 1425 234 evenerant.
1443 196 1581 248 Neque
1597 195 1697 236 enim

433 250 635 302 quisquam
655 250 706 289 est
722 251 922 295 omniurn,
944 249 1008 300 qui
1026 247 1118 287 istuc
1135 249 1287 287 ἀπιόντι
1311 249 1357 286 ad
1381 248 1698 301 significationem

433 302 544 353 elapfi
560 304 746 356 temporis
762 303 939 342 hocloco
957 302 1101 341 traduci
1122 302 1296 354 postulet.
1324 301 1506 342 Ceterum
1532 305 1572 343 δι
1597 307 1698 344 ratio

435 357 475 397 δι
488 356 558 395 Ms.
577 356 689 410 Regii
705 357 910 396 auctoritas
929 368 990 394 me
1006 355 1213 395 admonent
1226 385 1239 401 ‚
1259 366 1300 394 ut
1315 368 1363 394 ex
1378 357 1436 396 his
1451 357 1579 396 verbis
1602 372 1699 397 ποιν-

435 410 621 459 susanam
645 412 708 449 καὶ
729 409 932 460 συμπεσὼν
957 409 1019 447 ἐπὶ
1043 408 1229 459 κεφαλῆς,
1249 409 1397 448 eiiciam
1425 409 1518 449 istud
1541 411 1627 458 καὶ,
1654 411 1699 450 δι

435 464 631 504 emendem
645 463 882 508 versionem,
904 462 1013 514 poffi’t
1026 463 1114 500 brevi
1139 461 1367 502 feliciffimus
1392 464 1580 511 evadere,
1606 463 1699 504 sein

437 519 561 572 ignem
580 531 666 557 cum
683 516 762 568 ipso
778 517 1025 569 praecipitem
1049 517 1213 554 mittens.
1231 515 1386 555 Fama.

488 576 564 611 ead.
578 572 602 610 l.
621 585 679 619 14.
693 569 921 622 Συμπεσὼν)
942 569 1041 608 Dele
1055 570 1118 607 noti
1131 599 1141 616 ‚
1157 580 1243 608 ante
1257 571 1471 617 συμπεσών.
1497 569 1656 609 SOLAN.

492 627 584 676 Pag.
603 638 689 676 290.
708 626 734 663 l.
755 638 788 663 1.
808 623 995 675 Σικίννιον)
1021 622 1188 675 Corrige
1203 624 1364 661 συκίνων.
1391 623 1560 662 GUYET.
1586 625 1699 664 Συκί·

435 679 519 732 νων)
534 680 727 730 Corrupte
743 688 855 716 antea
872 677 1067 729 legebatur
1081 676 1249 722 σικὺνων,
1270 688 1347 714 non
1369 677 1406 714 in
1426 690 1506 716 uno
1528 689 1595 717 aut
1608 678 1703 718 alte-

436 732 570 779 ro‚1'ed
590 733 627 770 in
639 731 836 779 omnibus,
851 742 1008 781 excepta
1023 729 1098 768 sola
1114 730 1161 768 Β.
1176 744 1208 768 2.
1221 729 1344 781 Ἀλεξ.
1358 743 1390 769 c.
1407 745 1472 781 47,
1488 731 1527 770 &
1541 733 1702 771 transla-

437 784 640 826 te'Aomts.
661 798 694 824 c.
713 786 750 825 6.
770 784 885 837 Apud
904 783 1197 836 Aristophanem
1211 783 1331 836 Vesp.
1351 786 1457 832 146..
1472 815 1481 823 .
1498 799 1532 838 p.
1548 799 1639 839 291,
1664 799 1700 832 1,

436 839 666 893 ὃριμύτοιτος
683 841 828 878 καπνὸς
842 837 991 877 dicitur.
1013 837 1171 877 SOLAN.
1319 876 1327 879 ,

491 897 563 933 ead.
583 895 606 932 l.
620 888 773 932 6.''1s10v
795 893 874 945 γὰρ
889 889 988 941 ὑμῶν
1000 892 1116 940 μόνων
1133 891 1180 929 ἂν
1196 890 1364 943 γένοιτο)
1388 891 1516 931 Locus
1539 890 1591 930 est
1613 904 1707 932 cot-·

437 946 687 1000 ruptiffimus.
702 945 813 998 Quid
828 944 957 985 enim?
981 944 1088 984 Dicit
1111 944 1187 984 hoc
1204 947 1295 983 loco
1313 945 1445 984 rhetor
1463 957 1704 997 anonymus,

437 1001 622 1040 adstantes
642 1013 777 1040 omnes
791 1000 924 1052 dignos
938 997 1035 1045 effe,
1057 999 1124 1051 qui
1145 996 1256 1036 fumo
1276 1011 1446 1050 pereant.
1469 999 1703 1039 Ridiculum.

439 1055 575 1106 Itaque
592 1055 687 1094 adeo
711 1054 846 1099 miror,
868 1053 1023 1104 reperiri
1046 1051 1207 1105 potuisse
1222 1054 1260 1092 δι
1278 1054 1501 1105 interpretes
1523 1052 1563 1092 δι
1583 1052 1703 1106 1130·-

438 1122 499 1148 res
510 1138 520 1154 ‚
536 1109 676 1161 quibus
692 1107 784 1147 baec
796 1107 998 1168 placerent.
1019 1106 1241 1159 Legendum
1261 1105 1314 1144 est
1330 1119 1406 1145 non
1424 1104 1536 1156 ὑμῶν,
1557 1100 1620 1146 se‘d
1634 1121 1705 1146 κυ-

438 1162 518 1210 νῶν,
534 1163 569 1200 id
587 1162 658 1210 est,
682 1175 834 1200 κυνικων
853 1159 1069 1210 φιλοσόφων.
1093 1160 1282 1199 Lucianus
1302 1159 1553 1213 philosophos
1575 1159 1706 1212 Cyni·

440 1229 536 1263 cos,
567 1215 604 1254 in
629 1215 768 1268 quibus
790 1213 843 1254 est
867 1214 1093 1265 Peregrinus
1107 1244 1120 1260 ,
1142 1214 1277 1266 dignos
1299 1214 1476 1266 deputat,
1501 1215 1569 1267 qui
1591 1213 1704 1255 fumo

441 1280 613 1322 pereant.
637 1270 744 1308 Κὺνες
759 1270 859 1308 enim
875 1267 1005 1320 paffim
1020 1266 1103 1307 sunt
1118 1267 1266 1307 κυνικοί.
1286 1267 1380 1316 Sed,
1400 1267 1462 1321 (ut
1475 1266 1618 1319 semper
1632 1268 1704 1308 do·

441 1322 527 1363 eius
546 1323 599 1362 est
612 1323 800 1362 Lucianus
812 1352 825 1369 ‚
845 1322 886 1361 δι
898 1351 910 1369 ,
929 1322 1034 1374 quod
1049 1322 1094 1361 de
1107 1321 1173 1360 illo
1188 1321 1240 1360 ait
1262 1321 1457 1374 Eunapius
1475 1321 1703 1372 Sardianus,

442 1376 529 1427 ἀνὴρ
543 1376 754 1416 σπουεὴιῖος
766 1376 803 1415 ἐς
818 1379 863 1415 τὶν
877 1374 1155 1429 γελασθῆναιῆ
1171 1376 1244 1414 hoc
1261 1375 1353 1415 loco
1371 1374 1586 1416 facetiffime
1598 1376 1703 1426 dicit,

442 1430 621 1482 Cynicos
636 1431 770 1482 dignos
783 1429 877 1478 effe,
890 1430 955 1479 qui
970 1428 1039 1468 διὰ
1056 1426 1199 1468 καπνοῦ
1215 1440 1392 1480 pereant3
1410 1429 1585 1469 videlicet
1599 1429 1704 1470 Atti-

443 1485 477 1523 ci
492 1484 578 1524 τοὺς
598 1483 788 1534 ἀλαζὸνοις
801 1482 865 1521 καὶ
879 1480 1115 1533 οὖθαμινοὺς,
1128 1482 1260 1535 quales
1275 1482 1335 1522 hic
1352 1481 1610 1523 describuntur
1621 1483 1705 1536 Cy-

441 1538 539 1586 nici,
562 1537 728 1577 καπνοὺς
743 1536 948 1576 vocabant.
975 1537 1014 1575 ld
1030 1537 1180 1575 docebit
1195 1535 1421 1576 Scholiastes
1441 1537 1705 1590 Aristophanis

443 1592 489 1629 ad
501 1590 664 1639 Σφῆκοις,
685 1590 725 1629 &
739 1591 873 1630 Suidas
887 1591 924 1629 in
941 1590 1096 1629 καπνός·
1111 1590 1197 1629 inde
1211 1588 1415 1630 Aeschines
1439 1596 1706 1644 cognomento

443 1644 614 1695 Caprius.
629 1645 742 1690 Vide,
762 1643 790 1683 fi
810 1655 847 1683 te
861 1656 980 1694 amas,
998 1642 1305 1697 Aristophanem.
1325 1643 1482 1684 FABER.
1501 1644 1622 1695 Ὓμῶν
1634 1646 1710 1697 μό·-

443 1699 527 1752 νων)
551 1700 612 1737 Αη
627 1698 910 1738 fumivendulos
929 1697 1106 1750 Cynicos
1122 1697 1196 1738 effe
1217 1697 1428 1750 fignificat?
1451 1698 1618 1738 Videtur
1635 1712 1705 1740 au-

444 1765 522 1792 tem
539 1751 776 1791 scribendum
795 1751 886 1791 ‘tsaov
897 1752 976 1805 73⁶?
991 1752 1054 1791 mi
1072 1750 1183 1791 κυνῶν
1198 1753 1305 1802 μόνον
1320 1751 1365 1792 ἂν
1378 1755 1423 1806 γέ
1441 1752 1608 1793 ΟυΥΕΤ.
1632 1753 1705 1793 Καὶ

446 1805 576 1859 κυνῶν)
593 1806 642 1846 Τ.
655 1805 766 1844 Fabri
780 1806 1086 1845 emendationem
1099 1806 1137 1844 in
1151 1816 1298 1845 textum
1312 1807 1547 1859 recepimus;
1566 1820 1703 1859 quam·

445 1861 507 1899 vis
520 1861 558 1898 in
571 1860 750 1899 omni-bus
763 1859 868 1899 libris
880 1859 1015 1899 nostris
1029 1855 1128 1910 ὑμῶν
1142 1870 1209 1898 aut
1223 1858 1337 1909 ἡμῶν,
1358 1873 1430 1913 pro
1448 1860 1555 1900 κυνῶν
1568 1860 1705 1905 exstet.

446 1914 606 1954 SOLAN.
628 1913 749 1964 Ὕμῶν
761 1913 885 1967 μόνον)
913 1913 1037 1965 Quod
1051 1912 1165 1953 κυνῶν
1180 1913 1252 1966 legi
1268 1914 1352 1953 vuit
1366 1914 1500 1961 Faber,
1513 1915 1679 1955 audirem
1688 1945 1708 1965 ‚-

445 1967 474 2006 fi
490 1969 624 2007 relatio
644 1967 828 2020 quaedam
840 1967 930 2006 effet
943 1969 1041 2008 inter
1053 1966 1223 2016 fumum,
1249 1967 1290 2007 δι
1311 1967 1438 2007 Canes
1459 1968 1523 2008 vel
1544 1971 1707 2024 proprie

446 2022 592 2068 dietos,
615 2022 678 2061 vel
703 2022 985 2073 metaphoricos
1010 2020 1037 2061 s.
1063 2019 1312 2075 philosophos
1333 2021 1523 2073 Cynicos.
1551 2021 1704 2075 Quidni

445 2088 517 2128 per
541 2075 798 2127 apostrophen
816 2076 1006 2128 quandam
1025 2075 1087 2115 hic
1107 2075 1288 2129 dirigatur
1306 2074 1432 2115 sermo
1453 2077 1497 2115 ad
1520 2075 1702 2130 Theage-

447 2142 537 2168 nem
559 2128 776 2170 &iprotffl
803 2129 985 2169 Ceterum
1011 2128 1112 2169 forte
1135 2130 1181 2168 ad
1204 2130 1306 2170 hunc
1326 2129 1455 2170 locum
1477 2130 1619 2184 aliquid
1639 2130 1704 2171 fa-

444 2183 519 2231 cit,
548 2184 655 2235 quod
680 2183 726 2222 de
749 2183 957 2236 Theagene
983 2184 1113 2236 aliquo
1137 2184 1250 2222 habet
1273 2182 1432 2231 Suidas,
1457 2183 1634 2224 ἐκαλεῖτο
1655 2184 1703 2225 ἑὲ

444 2239 603 2285 καπνὸς,
625 2236 684 2276 ὅτι
699 2239 831 2276 πολλὰ
849 2236 1144 2291 ὑπισχνούμενος
1163 2235 1267 2277 05st
1290 2237 1428 2277 ἐτέλει.
1449 2237 1574 2290 Quod
1594 2238 1620 2277 fi
1641 2239 1702 2280 hic

444 2289 580 2329 Suidae
601 2290 828 2342 Theagenes
849 2292 1043 2345 antiquior
1065 2291 1138 2331 fuit
1163 2291 1392 2339 Lucianico‚
1421 2293 1519 2331 ratio
1537 2291 1638 2332 foret
1658 2293 1701 2332 in

444 2354 626 2395 promtu,
651 2357 719 2384 cur
738 2345 773 2383 ei
796 2343 1009 2396 suadeatur,
1026 2357 1070 2386 ut
1090 2344 1200 2386 fumo
1221 2344 1258 2387 se
1276 2346 1432 2399 potius,
1449 2358 1564 2399 quam
1589 2347 1699 2401 igne,

441 2397 643 2438 interimat.
671 2397 795 2439 GEsN.
