1783 3403
498 13 504 33 i

255 164 324 211 IN
357 165 442 212 DE
476 163 703 212 MORTE
737 161 1091 212 PEREGRINI.
1218 183 1304 234 543

106 239 199 302 Pbg.
216 251 304 301 276.
322 252 346 290 l.
360 265 395 304 3.
413 250 492 289 Δία
504 252 568 290 τὶν
581 249 820 302 Ὀλύμπιον)
842 248 955 302 Opus
968 250 1118 292 Phidiae
1128 282 1140 301 ,
1160 264 1207 293 ex
1221 255 1314 294 ebo-

48 315 94 344 re
111 304 153 342 δι
168 316 277 342 auro.
293 302 533 343 Describitur
547 316 569 342 a
588 302 782 342 Pausania.
796 303 827 342 F
829 313 852 342 Δ
859 314 954 344 BER.

102 359 176 396 ead.
189 357 214 396 l.
232 370 263 408 5.
278 359 325 395 Tb
345 358 517 410 ἄγαλμα
533 355 673 408 τοῦτο)
692 356 797 396 Nota
813 357 1004 398 duriorem
1022 359 1282 411 metaphoram
1295 391 1308 408 ‚

47 408 110 450 sed
121 408 277 460 Cynico
297 411 602 450 convenientem.
617 408 860 462 Peregrinum
875 411 974 450 enim
991 411 1176 464 inteiligit,
1191 426 1308 464 quem

48 475 138 503 cum
158 463 264 503 Iovis
281 462 458 514 Olympii
475 462 677 502 slmulacro
692 464 940 515 comparavit.
955 464 1010 504 Ita
1023 464 1064 503 δι
1084 478 1188 504 mox.
1202 466 1231 504 F
1234 478 1305 506 AB.

103 519 177 555 ead.
193 517 218 554 l.
238 517 276 556 6.
286 514 487 568 Ὀρφανοὺς
503 514 601 564 ἡμεῖς
616 517 831 569 naa-amor.)
849 516 1093 569 Respondent
1113 519 1204 558 haec
1223 532 1308 558 ver-

47 568 106 609 his
134 569 281 622 Evang.
306 570 416 609 Ioan.
444 568 557 615 XIV,
584 568 628 607 18
644 597 654 616 ‚
678 563 742 608 οὔκ
767 567 904 621 ἀφήσω
926 569 1025 621 ὑμᾶς
1049 573 1234 622 ὀρφανούς·
1259 574 1308 613 ad

47 635 148 674 quae
163 621 302 662 Elsner.
320 624 495 674 ὀρφανοὺς
519 633 595 661 tam
613 633 811 676 parentes,
834 636 950 677 quam
972 625 1116 664 liberos
1140 627 1237 664 orbos
1253 627 1306 665 di-

50 677 88 716 ci
111 675 261 729 probat.
275 676 422 716 Rti‘rz.

101 731 179 768 ead.
192 729 217 769 l.
232 729 267 768 8.
281 732 356 768 Τὰς
369 729 516 780 τρίχας
530 728 702 768 ἐτίλλετο
713 728 730 782 )
743 728 820 768 Th.
835 730 939 782 Mag.
951 742 990 769 v.
1004 732 1134 770 τίλλω.
1147 731 1305 774 SOLAN.

101 783 179 822 ead.
196 783 221 821 l.
238 796 298 822 ιο.
326 785 438 821 Μετὰ.
460 781 506 821 δὲ
526 779 656 822 τοῦτον
676 782 828 835 ἄλλος)
855 784 930 823 Hic
956 796 1198 836 anonymus,
1221 800 1305 840 quo

51 835 162 876 velut
185 831 366 886 ὑποκριτῇ
384 836 501 875 utitur
524 835 742 884 Lucianus‚
764 835 780 874 ὃ
803 834 868 875 τοῦ
892 837 1087 889 δ’ρέιματος
1111 839 1306 880 &sacm-

48 898 129 935 λος,
145 887 388 941 Peregrinum
407 888 484 928 suis
497 889 695 928 coloribus
710 890 903 941 depinget.
927 889 956 928 F
959 902 1081 930 ABER.

101 944 175 982 ead.
193 943 218 982 l.
236 943 426 982 ι2.Ἀλλὲι
441 943 502 982 ἐπ’
514 941 734 995 αἰθομένοις)
751 943 979 995 Metaphora
994 957 1017 982 a
1036 943 1146 985 sacris
1167 945 1302 988 dueta:

47 1007 128 1036 non
141 1007 292 1048 poterat
310 997 553 1049 χαριέστερον
575 995 634 1035 hic
657 997 794 1035 noster.
813 995 969 1036 Fusa.

100 1049 181 1089 ibid.
197 1049 277 1089 Ἐπ’
289 1050 517 1102 αἰθομένοις)
540 1048 819 1101 Μεταφορικῶς.
842 1050 1008 1091 GUYET.
1031 1050 1122 1090 Non
1148 1052 1303 1093 damna·

45 1103 168 1144 verim
200 1104 464 1154 repetitionem
491 1102 808 1154 praepositionis,
840 1102 901 1143 ἐπ’
923 1104 1123 1154 αἰθομένοις
1147 1106 1301 1160 ἑπέχεν

45 1154 108 1196 sed
127 1155 204 1198 stne
219 1155 352 1196 fraude
376 1158 486 1195 etiam
505 1156 639 1201 fuerit,
661 1158 767 1210 quod
787 1157 1056 1209 interpretatus
1077 1157 1159 1197 sum
1173 1188 1185 1207 ,
1204 1172 1249 1201 ac
1269 1161 1301 1200 fi

43 1208 236 1263 legeretur
254 1211 470 1250 mutatione
485 1209 694 1249 tenuiffima
708 1210 765 1249 ἔτι
779 1209 993 1259 αἰθομένοις.
1008 1210 1133 1251 ΟεςΝ.

98 1265 176 1303 ead.
198 1264 223 1302 l.
244 1263 398 1316 13.’Eori
423 1263 545 1316 πολὺ)
570 1263 726 1302 Delerat
749 1262 876 1303 Solan.
900 1264 977 1303 ἔτί.
998 1264 1082 1316 Ego
1100 1265 1270 1306 nondum
1286 1295 1300 1316 ‚

47 1316 118 1356 nisi
133 1312 339 1357 auetoritas
353 1316 541 1357 accefferit
550 1331 563 1364 ;
587 1315 654 1356 etsi
671 1317 734 1356 ἐπὶ
756 1315 878 1362 πολὺ,
895 1318 955 1356 diu
967 1346 981 1363 ,
1003 1317 1068 1357 hic
1082 1331 1216 1358 revera
1231 1323 1301 1359 mi-

43 1370 280 1464 zuslplacet,
298 1384 416 1424 quam
437 1369 594 1424 simplex
617 1370 717 1409 πολὺ
733 1400 745 1419 ,
765 1369 953 1418 multum,
975 1371 1012 1410 id
1032 1370 1108 1420 est,
1134 1371 1234 1425 efficse
1250 1375 1304 1417 ri·¹

76 1434 104 1464 t.
164 1435 271 1464 ΕΠΖ.

98 1481 172 1517 ead.
185 1478 211 1520 l.
230 1491 288 1526 ¹⁴·
308 1476 475 1529 Νειὸθεν)
493 1475 759 1517 Homericum.
779 1476 954 1517 BouRn.
969 1477 1124 1518 Poetica
1138 1491 1220 1519 vox
1234 1480 1304 1520 est:

45 1530 237 1572 Videlicet
251 1531 384 1570 alludit
399 1531 446 1570 ad
460 1532 589 1570 locum
604 1530 790 1575 Homeri,
811 1531 976 1582 primulo
992 1532 1101 1572 initio
1117 1532 1225 1573 Iliad.
1250 1537 1300 1573 K:

45 1584 184 1626 Νειόθεν
198 1585 242 1624 ἐκ
256 1583 411 1636 κραδίης
428 1607 473 1614 -
494 1583 524 1622 F
527 1594 649 1624 ABER.
670 1585 831 1624 Homer.
853 1584 894 1623 ll.
920 1589 968 1632 Κ,
988 1598 1045 1624 10.
1059 1586 1217 1626 SOLAN.

95 1642 174 1684 md.
193 1639 219 1678 l.
238 1649 252 1677 ι
262 1652 296 1690 5.
315 1640 371 1676 Τῖι
388 1637 624 1690 Ἡρακλείτου
645 1636 820 1689 impune)
835 1636 1026 1678 Iuvenalis
1039 1639 1076 1678 X
1089 1640 1134 1678 de
1149 1639 1299 1679 Demo-

47 1691 145 1734 crito
160 1692 200 1732 &
214 1691 429 1732 Heraclito:
452 1692 565 1730 Iamne
583 1691 686 1743 igitur
709 1692 844 1737 landas,
864 1694 956 1745 quod
969 1695 1010 1730 de
1017 1692 1230 1745 sapientibus
1244 1695 1298 1732 al-

46 1758 96 1786 ter
110 1746 276 1794 Ridebat,
293 1746 420 1799 quoties
433 1748 471 1783 de
489 1746 600 1784 limine
619 1758 768 1784 moverat
777 1760 880 1784 unum
892 1746 1145 1800 Protuleratque
1154 1750 1266 1800 pedem
1277 1763 1294 1795 ‚·

43 1801 152 1852 flebat
165 1800 357 1839 contrarius
376 1799 486 1838 alter?
506 1799 660 1838 FABER.

105 1854 192 1907 Pag.
213 1866 303 1905 277.
317 1853 340 1892 l.
354 1854 391 1893 6.
409 1848 493 1891 Οῗόν
512 1867 551 1890 τι
567 1857 610 1892 τὸ
625 1851 829 1905 ἄγαλμα)
849 1849 991 1892 Iterum
1009 1852 1104 1892 ridet
1121 1853 1299 1905 φορτικὴν

43 1905 149 1946 illam
169 1919 270 1947 meta
297 1907 433 1946 horam
449 1906 674 1958 Theagenis.
699 1905 842 1945 Eodem
857 1919 951 1945 mox
964 1905 1126 1959 spefiat,
1143 1919 1234 1947 cum
1251 1908 1297 1948 de

44 1972 194 2001 canone
213 1920 401 2012 Pofycleti
423 1959 607 2012 loquitur.
629 1958 788 1998 FABER.

99 2016 174 2053 ead.
197 2014 222 2053 l.
243 2027 259 2053 1
271 2027 304 2054 1.
325 2013 367 2052 Ὁ
385 2012 453 2053 τοῦ
468 2014 718 2052 Πολυκλείτου
737 2013 862 2053 κανών.
876 2012 1001 2066 Ἐπεὶ)
1023 2012 1065 2052 ‘0
1084 2012 1151 2054 τοῦ
1177 2017 1298 2054 Πολυ-

45 2069 194 2108 κλείτου
215 2067 350 2115 κανὼν,
361 2066 456 2107 ἐπεί.
481 2067 669 2106 MARcu..
687 2065 831 2106 Plinius
851 2067 979 2106 XXlV
997 2080 1009 2107 :
1033 2068 1123 2106 Idem
1149 2068 1297 2120 (Poly-

45 2120 194 2174 cletus)
210 2120 247 2159 θ
263 2122 512 2173 Doryphorum
534 2121 671 2160 viriliter
687 2135 824 2171 puerum
843 2120 929 2171 ficit
941 2151 951 2167 ,
972 2121 1008 2159 δ’
1030 2137 1124 2173 quem
1155 2122 1295 2162 canona

46 2175 194 2225 artifices
210 2186 337 2214 vocant
349 2204 362 2223 ,
377 2175 576 2213 lineamenta
596 2175 681 2213 artis
702 2189 746 2212 ex
764 2189 800 2212 eo
812 2186 969 2225 petentes,
983 2175 1073 2215 velut
1087 2191 1111 2213 a
1128 2175 1196 2228 lege
1209 2191 1295 2227 qua-

42 2231 134 2268 dam.
155 2228 285 2268 Huius
308 2229 468 2269 canonis
485 2228 658 2268 meminit
684 2239 843 2280 quoque
866 2228 905 2266 in
928 2228 992 2266 lib.
1017 2229 1063 2267 de
1088 2228 1296 2269 Saltatione

44 2283 108 2335 (c.
120 2284 195 2333 75)
215 2282 427 2322 Lucianus:
443 2285 488 2320 Τὸ
504 2281 550 2321 ἑὲ
565 2280 676 2332 σῶμα
693 2285 802 2320 κατὰ
819 2285 880 2320 τον
902 2282 1158 2321 Πολυκλείτου
1180 2282 1297 2321 naub-

43 2350 92 2376 vat
115 2333 186 2376 &sn
212 2334 416 2387 {wissigew
433 2350 498 2386 μοι
520 2334 629 2375 sona.
652 2334 806 2374 FABER.

95 2392 169 2428 ead.
193 2389 219 2428 l.
249 2387 516 2440 ι4.Ῥαφανι’δ“ι
537 2388 605 2428 τὴν
631 2389 760 2442 πυγὴν
787 2387 1041 2441 βεβυσμένος)
1063 2386 1296 2441 Supplicium

41 2441 365 2496 deprehensorum
392 2444 433 2483 in
461 2442 660 2484 adulterio.
694 2443 783 2484 Τοὺς
807 2443 971 2496 μοιχοὺς
992 2441 1081 2484 ταῖς
1105 2442 1303 2495 §aperiret
