1835 3408
438 172 530 235 3&
630 171 1509 219 ANNOTATIONES

436 261 511 301 &a
534 262 794 313 Tyrannione
821 263 1073 316 grammatico
1096 263 1299 314 compilata
1314 294 1324 308 ‚
1343 277 1390 303 ex
1413 263 1530 316 iisque
1553 265 1713 306 Codici-

436 317 513 355 bus
535 329 557 354 a
580 317 839 368 Tyrannione
866 319 1098 370 comparatis
1125 318 1257 357 deinde
1288 317 1484 357 Rhodium
1515 319 1714 359 Androni·-

437 383 525 408 cum
541 372 762 423 catalogos,
779 372 844 424 qui
867 371 1058 411 Plutarchi
1074 382 1197 410 aetate
1219 371 1603 419 circumferebantur,
1621 386 1713 415 con-

437 423 606 463 cinnaffe
620 455 628 468 ‚
651 439 684 475 p.
709 424 786 477 856
809 425 855 463 A.
872 424 1024 464 SOLAN.
1052 425 1189 464 Narrat
1206 424 1430 464 Plutarchus
1451 426 1486 464 in
1503 425 1608 465 Sulla
1627 440 1711 480 pag.

436 478 516 530 856
538 479 588 517 H.
609 478 737 531 Steph.
762 479 953 518 Nimirum
975 479 1211 531 Apelliconis
1224 479 1310 518 Teii
1338 480 1605 519 bibliothecam
1630 481 1715 520 Ro-

437 545 541 571 mam
574 533 818 585 deportavit:
847 534 887 571 in
919 533 1062 585 quibus
1096 532 1309 572 Aristotelis
1338 532 1556 584 praesertim
1593 545 1711 587 atque
1830 529 1835 549 ⁸

435 585 694 639 Theophrasti
718 585 866 639 scripta.
888 587 940 626 V.
965 587 1109 627 Fabric.
1139 586 1321 628 Biblioth.
1353 586 1424 628 Gr.
1449 587 1528 635 ΙΙΙ,
1551 587 1601 637 6,
1623 601 1711 641 pag.
1788 630 1791 635 Α

442 652 458 678 1
533 639 568 679 se
599 670 607 678 .
631 639 762 679 stN.
1785 638 1792 664 ²
1833 638 1835 652 ¹

465 652 669 744 715³.zgll5.l.
690 708 721 732 2.
741 691 894 732 Πίθηκος
908 696 991 746 ’γὰρ
1010 693 1025 732 ὃ
1049 693 1219 746 πίθηκος)
1241 694 1425 734 proverb.
1451 694 1628 734 BOURD.

490 747 583 796 Pag.
600 748 635 787 6.
651 747 676 786 l.
695 761 727 785 2.
749 750 824 787 Διὰ
848 748 993 802 χειρος)
1016 747 1132 788 Conf.
1159 747 1288 800 supra,
1306 748 1332 787 fi
1357 747 1450 786 tanti
1472 748 1665 803 est‚Nigr.
1692 749 1711 798 ς
1784 781 1795 800 -.·

439 814 464 839 2
478 830 489 848 ‚
508 800 642 852 ibique
662 801 876 841 Hemsterh.
898 815 946 840 ex
969 802 1137 855 Alciphr.
1152 802 1223 842 ἓιᾰ
1237 805 1364 856 χειρὸς
1378 801 1612 842 afferentem.
1635 803 1716 842 Ad·
1787 802 1795 816 '³

436 854 565 893 derem
580 854 763 895 Nostrum
777 855 872 895 infra
885 855 1055 895 Pseudol.
1071 869 1153 908 cap.
1177 870 1225 904 24
1242 855 1266 895 f.
1285 855 1332 895 ἃς
1347 855 1414 895 διὰ
1437 856 1710 917 χειρὶιςκὲχεις,

438 906 508 946 nifi
525 921 606 947 rem
626 918 758 948 notam
779 908 927 949 scirem.
944 909 1174 963 Long.Past.
1188 910 1226 956 1,
1247 923 1282 961 p.
1299 923 1368 962 19,
1384 910 1455 948 Σιὲι
1467 924 1604 962 χειρων
1619 910 1711 950 ἐπι-
1784 917 1786 921 “

437 961 577 1002 θέσθαι
597 961 646 1012 τῇ
667 963 778 1013 Χλόῃ.
799 964 883 1003 Ael.
899 965 951 1002 V.
972 964 1024 1006 Η,
1052 963 1146 1013 VII,
1173 977 1208 1013 1,
1223 963 1294 1004 sl&
1318 965 1447 1017 χειρὶς
1473 964 1537 1002 καὶ
1555 965 1713 1018 ’γνώμη
1784 995 1799 1019 J,

440 1014 592 1069 ἔχουσα,
610 1016 757 1056 πάντα.
778 1017 923 1056 RExTz.
1787 1016 1800 1046 ‘⁵

492 1074 566 1109 ead.
586 1070 610 1111 l.
633 1071 671 1111 8.
686 1072 894 1126 Ἰσμηνίου)
920 1070 1043 1110 Dives
1064 1071 1094 1112 is
1119 1071 1353 1117 Thebanus,
1379 1070 1539 1111 muslces
1565 1071 1710 1112 cultor.
1790 1105 1797 1119 ,

437 1124 527 1163 Vid.
557 1124 647 1163 Plat.
672 1131 762 1165 Πολ.
785 1129 825 1165 Α.
845 1139 876 1174 5.
906 1126 963 1164 ed.
988 1125 1073 1165 Ald.
1101 1126 1142 1166 δι
1162 1125 1386 1165 Plutarchus
1402 1124 1544 1178 paffim.
1569 1126 1655 1166 Fuit
1671 1127 1714 1167 δι
1796 1141 1801 1160 z

437 1177 604 1218 eiusdem
629 1180 795 1219 nominis
812 1180 952 1219 tibicen
978 1179 1115 1219 clarus.
1141 1179 1238 1219 Plut.
1262 1192 1348 1233 595,
1373 1194 1417 1225 2,
1435 1178 1512 1232 839
1535 1179 1560 1220 f.
1584 1193 1657 1232 925
1685 1178 1713 1220 f.

441 1245 457 1270 1
471 1246 538 1286 123
558 1231 582 1272 f.
599 1232 716 1287 Diog.
738 1234 864 1274 Laert.
887 1247 969 1286 pag.
988 1247 1054 1286 ¹93
1082 1233 1107 1274 f.
1130 1233 1189 1274 sed
1210 1235 1239 1295 is
1262 1235 1311 1272 ab
1330 1235 1404 1273 hoc
1421 1233 1606 1296 diversus.
1621 1234 1711 1274 Vid.
1792 1243 1805 1309 Ἀ

433 1287 1713 1406 {5⁰31ff'55131233’5351513332{ssgssfftfflztssgJfff‘hssss‘f‘ffssuss‘ssg
1796 1310 1802 1402 ζ

451 1400 579 1447 Αρμον.
601 1409 636 1436 c.
663 1410 694 1435 1.
719 1396 879 1436 SOLAN.

492 1452 566 1488 ead.
579 1451 605 1489 l.
624 1464 682 1490 12.
695 1450 917 1502 Ὀλύμπου)
932 1450 1022 1488 Vid.
1041 1449 1137 1489 Plut.
1161 1450 1207 1490 de
1222 1448 1320 1490 Mus.
1344 1462 1457 1501 2075.
1472 1479 1481 1489 .
1496 1480 1505 1488 .
1529 1448 1711 1502 Marsyae

436 1503 498 1543 hic
511 1502 736 1557 discipulus,
755 1505 821 1558 qui
842 1503 1009 1544 musicae
1023 1502 1220 1543 sacrorum
1235 1504 1421 1544 Graeciae
1440 1502 1518 1544 fere
1533 1505 1710 1544 omnium

437 1557 591 1605 auctor,
609 1559 647 1596 in
661 1571 776 1611 quam
793 1559 940 1611 primus
955 1557 1133 1602 muficam
1153 1559 1360 1598 canonicam
1377 1559 1539 1599 invexit.
1558 1557 1622 1598 De
1638 1558 1711 1598 hu-

438 1610 540 1650 iusce
552 1611 719 1665 Olympi
735 1613 886 1652 calamo
906 1611 971 1652 seu
997 1612 1086 1651 tibia
1107 1612 1186 1651 vid.
1210 1613 1300 1652 Eur.
1322 1613 1387 1663 ’[φ.
1405 1615 1443 1649 Α.
1465 1624 1548 1665 pag.
1574 1613 1650 1663 267
1666 1613 1710 1652 B.

438 1664 651 1718 Utriusque
664 1667 838 1706 meminit
850 1666 1007 1707 Bafilius
1020 1666 1065 1706 de
1078 1667 1167 1719 Leg.
1181 1666 1319 1707 Graec.
1334 1667 1398 1705 lib.
1412 1665 1546 1718 (Grot.
1558 1666 1616 1706 ed.
1627 1667 1711 1720 99.)

436 1719 609 1759 Philostr.
628 1734 701 1773 574
713 1751 724 1769 ,
749 1721 930 1774 Μαρσύας
952 1719 1020 1772 ἶν’ρει
1036 1720 1231 1771 Ὀλύμπου
1244 1752 1255 1770 ,
1270 1721 1334 1760 καὶ
1349 1718 1549 1770 Ὄλυμπος
1563 1720 1631 1761 τοῦ
1645 1717 1712 1760 αὖ·

437 1772 527 1814 λεῖν.
543 1774 702 1816 SOLAN.

495 1828 586 1882 Pag.
603 1843 641 1879 7.
656 1830 682 1869 l.
705 1844 741 1869 2.
755 1831 869 1868 Κατὰ
887 1828 1051 1882 ταῦτα)
1071 1829 1177 1868 Nihil
1197 1839 1346 1869 mutare
1361 1829 1417 1867 Fl.
1435 1827 1622 1881 adscripsit
1639 1829 1711 1869 So<-

437 1880 516 1920 lan.
532 1884 598 1921 An
611 1883 755 1922 τὀιυτὲι
775 1882 931 1922 maluit?
944 1883 1061 1923 Conf.
1083 1897 1178 1923 mox
1192 1884 1237 1923 ad
1255 1896 1289 1923 c.
1304 1897 1345 1934 7,
1358 1883 1424 1923 ubi
1441 1883 1478 1923 id
1495 1883 1626 1936 potius
1650 1896 1712 1923 re·

437 1936 661 1989 quirerem,
684 1951 800 1990 quam
824 1938 897 1977 hic.
924 1937 1073 1978 ΚΕΗ-Ζ.
1630 1943 1645 1953 “

493 1992 568 2029 ead.
579 1991 603 2030 l.
615 1991 651 2031 6.
669 1984 802 2031 Ἵππον
825 2015 870 2021 -
895 1991 1043 2039 Μῆδον,
1066 1992 1084 2032 ii
1108 1991 1372 2044 Κενταυρίὲην,
1390 1992 1409 2032 ὓ
1430 1991 1710 2044 Καπποφὸρον)
1790 2031 1806 2037 ,,

437 2042 508 2083 Per
524 2057 667 2097 equum
690 2045 961 2085 Centauridem
990 2047 1165 2098 intelligit
1177 2075 1188 2092 ,
1205 2046 1343 2093 credo,
1360 2046 1602 2086 Thessalum:
1620 2059 1710 2085 nam

438 2099 480 2137 &
494 2100 583 2151 equi
595 2099 761 2140 Theffali
775 2101 865 2139 olim
887 2101 923 2139 in
940 2102 1088 2154 pretio,
1109 2101 1148 2140 &
1165 2099 1349 2140 Centauri
1368 2100 1512 2140 Pelium
1524 2131 1536 2148 ‚
1548 2099 1709 2140 Thessa-

437 2151 511 2192 liae
525 2165 697 2194 montem
709 2185 718 2200 ‚
737 2154 878 2194 &loca
894 2156 1023 2195 vicina
1038 2155 1269 2194 habitabant.
1283 2154 1594 2208 Cappophorum
1609 2167 1709 2194 vero

439 2206 637 2260 intelligit,
659 2209 719 2248 cui
743 2208 868 2248 inusta
881 2220 964 2249 erat
984 2220 1080 2249 nota
1100 2209 1258 2248 K.Talis
1272 2208 1534 2262 Aristophanis
1545 2213 1709 2248 Komm-

440 2261 529 2301 τίεις
545 2261 583 2301 in
598 2262 775 2310 Nebulis,
790 2264 836 2304 ad
848 2276 962 2316 quem
972 2263 1111 2309 =locum
1126 2263 1215 2303 vide
1229 2263 1475 2303 Scholiasten.
1493 2263 1629 2302 PALM.

493 2315 576 2355 ibid.
599 2317 878 2371 Κοπποιφόρον)
893 2318 1061 2366 Omnes,
1081 2331 1183 2370 quos
1207 2318 1309 2363 vidi,
1328 2318 1412 2356 libri
1435 2317 1710 2368 Κοιπποφόρον,

440 2368 509 2408 ηἰίὶ
522 2371 628 2422 quod
640 2372 695 2410 Fl.
711 2373 755 2410 P.
772 2371 872 2412 forte
887 2372 1127 2421 κοππόφορον.
1143 2372 1228 2424 Ego
1242 2385 1313 2411 cur
1329 2372 1557 2411 mutaverim
1573 2402 1584 2418 ‚
1604 2371 1708 2410 audi:

442 2424 536 2475 quia
557 2426 656 2478 apud
672 2425 970 2477 Aristophanem
987 2426 1027 2465 ὃ(
1042 2425 1307 2466 philostratum
1318 2457 1330 2474 ‚
1355 2440 1391 2478 p.
1409 2440 1484 2479 334
1496 2454 1507 2472 ‚
1523 2426 1637 2464 etiam
1662 2425 1710 2464 de

440 2490 567 2532 equo,
592 2480 654 2520 cui
667 2482 898 2526 Κοπποιτίας
920 2493 1065 2521 nomen
1078 2479 1153 2528 est,
1170 2480 1332 2534 legimus
1346 2478 1429 2534 ipso
1444 2479 1523 2521 fere
1534 2479 1706 2520 Nubium
