1835 3408
357 174 453 220 440
558 159 1426 211 ANNOTATIONES

354 255 421 285 tur
433 245 594 298 ⁷035on
612 248 755 300 μεῖζον,
772 247 815 286 δι
836 246 1061 287 ἀκάλυπτος
1078 248 1240 296 κεφαλὴ,
1259 249 1436 290 credibile
1450 247 1541 288 mihi
1561 248 1619 297 fit,·

354 311 437 338 non
464 300 752 353 {ml-awwn'poe
776 300 1000 351 legendum,
1031 300 1092 340 sed
1115 301 1406 352 ἐπιφανεστέρα.
1434 302 1619 342 Ceterum

355 351 583 392 ὰκέιλυπτον
601 354 764 401 κεφαλὴν
790 352 916 392 refero
935 352 981 392 ad
1006 365 1141 393 notum
1167 368 1314 396 morem
1333 355 1554 395 obnubendi
1578 355 1618 394 in

355 407 590 455 turpitudine
614 408 652 446 δι
671 407 817 460 pudore
834 417 966 458 caput.
980 406 1072 446 Vid.
1094 408 1317 460 interpretes
1336 408 1553 448 Petroniam
1569 408 1617 448 ad

355 458 449 497 illud
472 472 558 511 cap.
580 474 605 510 7
628 460 740 513 operui
760 471 873 512 caput.
894 458 1025 499 Gtsu.

409 516 483 550 ead.
499 514 520 550 l.
548 526 604 560 14.
621 514 688 554 Τῆς
701 513 822 558 βοηθὸς
842 512 889 551 ἐὶν
915 513 1087 553 κατέστη
1110 512 1126 550 ὃ
1149 511 1389 565 τελευταῖος)
1407 514 1476 552 Καὶ
1495 512 1617 559 βοηθδς

356 563 404 602 izv
419 566 589 604 κατέστη
615 565 630 603 ὃ
651 578 804 605 τελευτ.
825 565 920 604 lllud
935 576 1060 604 autem
1077 562 1129 605 ei}
1145 567 1253 615 μὸνος
1269 565 1314 605 ἂν
1332 566 1539 607 ἐπίστευσέ
1559 581 1618 607 σοι

356 618 437 657 διε.
457 619 583 669 accipe
596 631 682 658 cum
696 619 832 658 ironia.
852 621 957 657 Unus
970 619 1024 656 ille
1033 618 1148 670 fialas,
1161 620 1228 671 qui
1247 630 1381 659 contra
1402 619 1469 661 tibi
1480 621 1617 673 unguis

355 671 397 710 in
413 671 540 710 ulcere
552 701 566 718 ,
579 672 690 711 cuius
703 684 744 711 tu
760 672 902 711 domui.
922 671 1109 711 MARcu..

410 726 484 762 ead.
500 725 522 762 l.
541 738 599 775 15.
614 723 1128 818 Mmssosc'rtnnguae-storne
1139 754 1153 770 ‚
1167 737 1214 764 an
1233 736 1377 764 tantum
1392 754 1403 772 ‚
1427 726 1496 778 qui
1517 738 1616 765 mer-

357 775 450 815 cede
467 776 572 817 nefas
587 778 663 817 hoc
675 779 832 818 emerit?
882 777 1042 818 osterius
1057 791 1192 817 verum
1211 778 1285 818 effe
1305 777 1505 828 existimo3
1520 792 1614 828 nec,

355 828 421 868 ubi
441 842 513 880 pro
527 830 727 882 quaestore
741 830 922 876 sumatur,
936 832 1098 883 reperio.
1111 831 1268 871 SOLAN.

410 882 502 935 Pag.
516 897 581 934 77.
595 885 621 924 l.
634 883 670 923 8.
687 884 904 937 Καθάρσιον)
917 884 1039 935 Supra
1054 886 1189 924 Amor.
1201 897 1235 925 c.
1250 899 1268 935 3
1290 885 1331 924 &
1352 897 1413 935 29.
1429 884 1587 924 Souris.

411 940 486 975 ead.
507 937 531 976 l.
557 950 617 976 10.
645 938 713 976 Καὶ
729 937 827 977 ’όνοιιό
850 952 900 997 γε
924 936 993 977 τῆς
1016 933 1213 990 erinacius)
1232 938 1356 979 Grand
1372 938 1444 978 bien
1464 950 1496 978 te
1513 937 1617 991 fhffe·

357 986 528 1030 Gutzr.
542 989 658 1030 Conf.
673 990 784 1042 supra
802 990 963 1042 Philops.
978 1004 1010 1031 c.
1028 991 1243 1041 27.R1=:1·rz.

412 1043 521 1083 ead.l.
542 1057 556 1082 1
569 1057 600 1082 1.
615 1044 840 1097 ἘνἘφέσῳ)
859 1045 937 1087 Ubi
962 1045 1003 1083 δι
1020 1045 1093 1084 hoc
1112 1044 1292 1097 scriptum
1315 1053 1495 1097 oportet;
1510 1044 1618 1098 quod

359 1094 532 1149 superius
546 1097 619 1136 iam
634 1097 680 1137 ad
692 1110 774 1151 cap.
795 1111 841 1138 10
859 1108 1085 1138 annotatum
1100 1098 1164 1138 est.
1180 1098 1337 1139 SOLAN.

412 1153 485 1189 ead.
501 1150 526 1189 l.
545 1163 559 1188 ι
569 1166 601 1203 3.
617 1150 755 1203 Πρῶτά
767 1165 833 1190 σου
848 1150 1019 1210 Herem)
1031 1152 1222 1203 Interpres
1237 1148 1301 1190 οῦκ.
1315 1149 1480 1200 ’ᾔδεισαν
1490 1149 1618 1203 legiffe

358 1202 522 1243 videtur.
540 1204 603 1244 An
623 1205 849 1257 legendum,
866 1204 946 1244 πῶς
972 1208 1031 1244 οὑν
1050 1204 1096 1244 ἂν
1120 1204 1325 1255 ἐθαύμαζον
1349 1205 1424 1244 &c.
1446 1203 1615 1244 (ἧπτε-Γ.

358 1258 444 1296 Non
461 1257 803 1309 noffint‚Benedi6t.
818 1258 980 1298 dederat.
995 1258 1153 1311 Noffent,
1174 1258 1369 1310 Micyllus.
1389 1257 1519 1298 Leffio
1531 1258 1619 1311 qui·

356 1310 442 1353 dem
457 1311 607 1362 Guyeti
622 1311 824 1352 adiuvatur
838 1312 946 1365 figno
960 1313 1073 1351 etiam
1095 1312 1352 1364 interrogandi
1371 1312 1508 1351 addito.
1526 1311 1619 1351 Pot-

356 1363 413 1402 est
431 1365 582 1403 interim
603 1365 643 1404 δι
664 1360 728 1404 οὐκ.
753 1367 804 1405 ita
828 1365 966 1417 accipi,
982 1365 1086 1418 quasi
1100 1395 1112 1411 ‚
1131 1369 1294 1418 quomodo
1319 1380 1388 1404 nou
1406 1366 1619 1415 mirarentur,

348 1419 387 1470 fi
394 1418 510 1470 priora
522 1417 682 1470 noffint?
704 1418 780 1471 (Et
800 1420 839 1458 in
856 1419 1154 1471 interrogatione
1173 1415 1235 1458 οὐκ
1249 1419 1435 1458 interdum
1457 1419 1619 1467 additur,

357 1471 465 1510 sensu
480 1472 614 1510 eodem
631 1483 807 1512 manente
818 1501 830 1518 ,
851 1485 893 1512 ac
909 1471 938 1511 fi
952 1470 1203 1511 omitteretur.
1223 1472 1405 1524 Exempla
1419 1472 1500 1511 dedi
1518 1474 1557 1511 in
1573 1473 1618 1512 li-

357 1524 429 1563 bro
442 1525 488 1564 de
501 1525 726 1579 Ambiguis)
746 1525 808 1566 sed
829 1526 986 1579 vulgata
1008 1526 1068 1567 hic
1088 1537 1215 1567 tamen
1236 1526 1374 1565 reaius
1394 1527 1620 1579 exponitur,

357 1579 499 1630 quifieri
507 1578 636 1630 pofflt,
656 1591 696 1618 ut
707 1595 775 1619 non
792 1580 1047 1626 admirarentur,
1063 1590 1105 1619 ut
1121 1581 1221 1631 apud
1238 1580 1446 1619 Herodian.
1469 1579 1524 1619 Ill
1534 1609 1547 1628 ,
1568 1581 1618 1627 6,

363 1644 430 1679 14,
453 1631 533 1672 πῶς
546 1628 635 1686 οὖχὶ
651 1632 726 1681 νῦν,
742 1633 803 1672 καὶ
818 1632 1083 1685 προσελθούσης
1097 1630 1182 1683 ὑμῖν
1195 1632 1387 1674 τοσαύτης
1403 1633 1618 1687 συμμάχου

357 1684 578 1734 ὃυνάμεως,
602 1709 647 1719 --
668 1686 794 1738 ῥᾷστα.
817 1683 1046 1739 κρατήσατε·
1070 1688 1145 1739 quis
1165 1687 1310 1732 dubitet,
1329 1687 1410 1740 quin
1434 1702 1523 1726 nunc
1538 1698 1618 1726 tan-

357 1750 469 1779 tarum
485 1741 660 1791 accqffione
675 1741 796 1779 virium
812 1763 856 1770 —
864 1739 970 1791 facile
977 1741 1195 1792 profligaturi
1202 1741 1314 1791 fitis?
1330 1741 1413 1780 Nee
1424 1740 1474 1779 ibi
1493 1740 1617 1793 potest

358 1793 481 1832 abe-sse
495 1793 692 1845 negativa,
714 1807 837 1846 neque
854 1795 895 1832 in
914 1793 1077 1846 vulgato
1101 1794 1166 1832 illo
1189 1794 1248 1832 τίς
1272 1790 1334 1833 οὐκ
1351 1793 1398 1833 ἂν
1415 1795 1616 1850 ἀγάσαιτο

356 1844 423 1886 τῆς
446 1845 603 1899 ἀρετῆς
624 1859 744 1899 quare
764 1860 889 1900 neque
910 1846 973 1889 hic
996 1848 1035 1887 in
1059 1847 1232 1888 Luciano
1253 1847 1462 1901 quidquam
1491 1858 1616 1888 muta-

356 1900 492 1940 verim.
513 1900 661 1940 RErrz.
1600 1917 1604 1920 ·

410 1956 484 1993 ead.
501 1954 524 1992 l.
547 1968 603 2005 ¹5·
625 1955 712 2007 Περὶ
731 1953 870 2007 πόθοι)
892 1953 981 1995 Hoc
1004 1966 1143 1994 verum
1163 1953 1261 2002 effe,
1281 1954 1358 1993 vid.
1381 1954 1427 1994 ad
1447 1953 1552 1995 Asm.
1579 1969 1614 1997 e.

358 2020 422 2047 20.
443 2006 518 2048 Etsi
535 2009 575 2048 ἃ
590 2008 677 2047 alibi
700 2021 788 2048 cum
813 2008 920 2060 παρὰ.
942 2007 1188 2051 confunditur
1209 2009 1248 2048 in
1268 2008 1350 2048 edd.
1374 2017 1420 2047 ut
1443 2009 1493 2048 ibi
1519 2008 1616 2049 indi·

357 2071 499 2101 catum.
514 2060 659 2101 Rmz.

414 2116 503 2167 Pag.
517 2114 580 2164 78.
594 2116 617 2154 l.
630 2130 666 2165 4.
685 2116 742 2154 Τὲι
760 2117 864 2155 κακὲ
877 2114 1101 2169 ἀπολαύειν)
1113 2115 1176 2155 De
1188 2116 1262 2156 hoc
1282 2115 1405 2156 verbo
1418 2116 1456 2154 in
1469 2115 1561 2155 bon.
1574 2115 1616 2156 &

356 2168 443 2207 mal.
459 2178 602 2220 partem
619 2169 771 2209 valente
783 2170 860 2209 vid.
879 2168 1092 2209 Hemsterh.
1107 2171 1150 2208 ad
1171 2170 1277 2223 Nigr.
1291 2182 1372 2222 cap.
1386 2184 1446 2223 30.
1460 2169 1550 2208 item
1566 2170 1615 2210 ad

357 2221 460 2260 Tim.
483 2234 515 2261 c.
535 2235 568 2260 2.
591 2222 652 2261 Ac
674 2222 803 2262 Solani
827 2233 958 2262 notam
975 2223 1024 2262 ibi
1040 2223 1297 2276 praemissam,
1312 2223 1374 2262 vel
1388 2224 1517 2276 potius
1530 2223 1615 2262 Ien-

356 2273 414 2321 sii,
429 2275 494 2328 qui
506 2274 572 2314 etsi
585 2274 769 2316 refutatur
784 2276 832 2315 ab
849 2276 1157 2324 Hemsterhusio,
1179 2277 1290 2316 habet
1302 2287 1427 2316 tamen
1440 2276 1615 2329 exempla

357 2329 541 2380 quaedam
564 2329 661 2368 haud
675 2330 817 2381 inepta.
834 2330 945 2369 Adde
955 2330 1111 2383 Philops.
1129 2344 1212 2383 cap.
1227 2345 1278 2380 40
1291 2362 1301 2380 ‚
1326 2330 1389 2370 ubi
1405 2331 1611 2370 ἀπέλαυσα

356 2394 426 2436 per
447 2383 565 2434 abstuli
586 2382 687 2421 reete
706 2382 898 2425 Gesnerus
919 2384 1059 2434 reddit3
1082 2398 1168 2426 cum
1182 2385 1222 2437 δι
1239 2385 1290 2425 ibi
1312 2384 1350 2428 in
1375 2384 1511 2425 malam
1525 2396 1610 2441 par-

358 2446 435 2478 tem
450 2436 586 2478 valeat.
600 2436 739 2483 Rm'z.
