1783 3403
264 227 337 275 IN
370 227 697 278 ADVERSUS
733 224 1100 278 INDOCTUM.
1228 236 1322 298 367

55 315 236 370 optimar.
249 316 449 370 legendum
469 316 546 366 est;
563 316 695 370 potius
709 315 804 355 &in
824 314 924 356 Gall.
940 328 972 355 c.
995 316 1044 356 26
1059 316 1084 356 f.
1110 314 1234 358 forsan
1252 321 1325 371 ἐμ-

56 369 185 415 βατῶν
207 371 281 410 iam
303 371 593 423 corrigendum,
616 369 685 409 etsi
708 370 761 408 ibi
780 370 860 410 edd.
886 369 1064 419 ἐμβάδων
1092 371 1327 422 praeferunn

56 423 240 476 Tumque
264 437 343 464 non
365 424 462 463 male
486 424 649 464 Solanus
673 423 904 468 coniecerit,
922 423 1107 463 hocloco
1130 438 1202 477 pro
1229 441 1326 479 χρυ-

0 502 1 509 1
57 475 148 517 σοῦς
163 477 352 527 ἐμβάτας,
366 478 566 530 legendum
583 475 736 530 χρυσᾶς
758 476 953 526 ἐμβάδας,
965 478 1071 529 quod
1089 478 1237 518 calceos
1252 482 1327 520 hu⁴

56 530 228 570 miliores
241 531 409 583 defignet
419 560 431 579 ,
447 544 525 571 non
550 531 662 583 plane
678 531 857 582 tragicos.
877 529 940 570 Sic
958 529 1071 582 supra
1082 531 1222 571 Bacch.
1245 530 1262 582 §
1278 548 1298 573 2
1310 564 1326 583 ,

114 583 184 634 υσῇ
200 584 358 635 {gaitsa
373 585 484 624 Rhet.
507 584 635 624 Praec.
650 596 683 622 c.
708 598 722 622 1
736 597 768 636 5,
782 583 902 634 ἐμβὰς
915 586 1109 624 Σικυωνία.
1125 585 1326 640 Aristoph.

0 670 1 675 ,
86 639 156 677 lut.
169 651 248 692 759
258 668 269 686 ,
284 639 402 689 ἐμβὰς
413 653 463 693 ’γε
484 637 606 678 ὄντων·
622 638 687 677 ubi
700 637 901 691 Spanhem.
917 649 966 677 eo
979 637 1098 690 usque
1111 638 1212 678 recte
1226 652 1326 679 con-

0 697 1 703 ’
53 689 202 738 sulitur‚
222 705 304 744 quo
323 655 497 744 exempsa
512 692 586 731 alia
602 692 677 731 tria
691 704 738 730 ex
755 691 946 743 Aristoph.
967 689 1102 740 affert,
1118 692 1183 731 ubi
1199 692 1327 743 ἐμβὰςι

55 745 104 785 de
123 745 225 785 solea
243 745 428 786 calceove
448 744 579 786 senum
605 745 818 785 adhibetur.
841 745 913 785 Sed
930 743 1037 797 spatii
1060 745 1231 798 angustia
1247 760 1330 787 non

54 799 146 838 {init
160 799 252 839 haec
270 799 387 840 fufius
402 812 620 852 exponere3
634 799 781 851 alioqui
806 799 978 851 pluribus
998 800 1206 847 traderem,
1226 798 1244 842 ἦ
1261 801 1329 852 ἐμ·

53 853 128 899 βὰς
142 854 353 906 generalius
372 852 498 900 estest,
520 853 691 905 ἐμβάτης
705 853 857 903 tragicis
873 853 1073 893 cothurnis
1088 854 1206 906 magis
1226 868 1325 907 pro-

54 907 212 1000 ρήιιιῐιῖἰ
233 908 274 948 δι
297 907 552 948 Ammonium
576 908 672 947 adeo
699 907 835 947 melius
860 906 1024 955 sensisse,
1051 919 1170 961 quam
1199 908 1329 949 Pollu-

54 973 152 1001 cem.
216 971 324 1001 ειη.

109 1017 185 1054 ead.
202 1016 227 1054 I.
252 1016 308 1056 16.
330 1014 430 1056 Βῆτοι
451 1035 496 1045 -—
512 1014 694 1068 ῥαψῳέ.)
710 1015 813 1056 Hinc
835 1013 905 1055 usu
929 1025 1120 1066 receptam
1144 1015 1216 1055 iam
1241 1028 1326 1057 tum

55 1066 164 1109 fuisse
176 1082 261 1109 eam
282 1071 472 1110 rationem
490 1069 660 1116 constat,
677 1078 754 1122 qua
768 1082 839 1109 nos
855 1070 1044 1121 hodieque
1061 1069 1099 1108 in
1114 1069 1328 1112 dividendis

54 1123 218 1163 Homeri
242 1124 472 1163 carminibus
491 1124 645 1162 utimur.
663 1123 824 1163 SOLAN.
849 1123 886 1164 si
911 1135 1014 1163 certa
1037 1122 1090 1162 est
1113 1122 1326 1176 scriptura,

56 1188 161 1230 patet
174 1178 262 1217 hinc
272 1208 284 1225 ‚
298 1191 377 1217 non
393 1176 516 1217 solum
531 1177 649 1217 libros
661 1177 895 1217 Homericos
908 1178 982 1216 iam
996 1188 1170 1229 tempore
1191 1178 1327 1219 Lucia·

54 1234 95 1269 ni
111 1230 162 1271 fic
183 1231 347 1281 divisos,
365 1230 426 1271 sed
441 1231 567 1270 literas
583 1232 666 1270 illas
686 1230 876 1284 appositas
891 1243 971 1270 non
992 1243 1095 1270 mere
1111 1233 1328 1273 numerales

54 1283 164 1325 fuiffe
175 1316 186 1334 ‚
203 1298 342 1326 verum
356 1285 632 1325 elementarias.
647 1285 695 1324 Et
708 1287 759 1324 ita
773 1298 832 1338 ap.
849 1285 1016 1324 Eustath.
1031 1285 1076 1324 ad
1091 1284 1132 1324 ll.
1148 1288 1175 1322 A
1187 1315 1200 1334 ,
1220 1286 1328 1327 Nota

60 1352 77 1378 ι
96 1351 106 1379 ε
127 1338 188 1379 &nb
207 1339 272 1379 καὶ
290 1341 345 1378 τὰ,
361 1340 477 1379 εἴκοσι
503 1339 676 1390 τέσσαρα.
699 1335 893 1388 τμήματα.
906 1337 978 1379 τῆς
1001 1333 1196 1389 Ὁμηρικῆς
1218 1337 1328 1381 ποιή-

55 1407 148 1433 σεως
160 1389 253 1432 -οὖ
267 1392 374 1444 μόνον
389 1392 503 1444 ἄλφα,
525 1393 588 1432 καὶ
604 1392 704 1438 βῆτα,
727 1392 791 1432 καὶ
806 1391 957 1446 ’γάμμα
970 1392 1214 1440 ὃνομάζσὶῖτοιι
1227 1423 1238 1442 ,
1261 1394 1328 1434 καὶ

54 1448 112 1486 τὰ
133 1445 237 1498 ἑξῆς,
261 1448 368 1485 ἀλλὰ
391 1448 454 1487 καὶ
479 1446 702 1500 γράμματα.
726 1445 945 1486 καλοῦνται·
972 1456 1087 1498 atque
1111 1447 1211 1499 apud
1231 1446 1330 1487 alios

54 1499 184 1541 Schol.
199 1513 278 1540 non
299 1499 413 1540 semel
426 1500 488 1540 Ἰλ.
506 1504 636 1548 aava,
649 1499 748 1545 βῆτα
769 1500 843 1539 διε.
861 1500 972 1553 plene
986 1499 1139 1553 legitur.
1155 1500 1246 1539 Non
1261 1512 1328 1540 ta-

55 1567 145 1594 men
158 1553 298 1606 abipso
312 1555 490 1595 Homero
504 1554 712 1606 profectam
725 1553 951 1594 divisionem
960 1584 971 1600 ‚
987 1552 1071 1593 satis
1086 1565 1230 1594 norunt
1242 1567 1328 1595 eru-2

56 1609 133 1649 diti.
148 1609 184 1648 A
197 1609 468 1650 Grammaticis
481 1609 660 1649 Homero
673 1607 947 1661 posterioribus
959 1618 1082 1648 ortam
1098 1619 1230 1648 monet
1243 1608 1326 1649 Du·

55 1662 139 1703 ker.
155 1664 192 1702 in
207 1663 423 1703 Latin.Vet.
440 1662 570 1702 Iurisc.
585 1677 621 1715 p.
637 1675 724 1715 203.
738 1662 874 1716 Vulgo
889 1661 1112 1702 Aristarcho
1127 1662 1327 1712 tribuitur;

55 1717 133 1758 vid.
147 1730 246 1771 quos
261 1717 324 1757 ille
336 1717 474 1770 allegat
485 1716 648 1758 Casaub.
665 1717 707 1756 δι
720 1715 865 1756 Fabric.
879 1715 1025 1755 Rerrz.

110 1771 202 1823 Pag.
214 1784 251 1823 9.
263 1773 286 1810 I.
302 1785 336 1810 2.
350 1770 578 1825 Δημηγορῶν
590 1769 791 1824 παγγέλ.)
811 1771 930 1811 Hom.
954 1770 996 1810 ll.
1009 1773 1048 1817 B,
1062 1783 1149 1809 212.
1165 1769 1327 1813 SOLAN.

108 1829 184 1865 ead.
203 1827 226 1865 l.
243 1840 274 1878 5.
287 1824 640 1878 Ὕπερπηὸήσεται)
661 1826 778 1864 Hom.
796 1824 838 1864 11.
854 1829 908 1871 Φ,
922 1824 1009 1864 268.
1023 1824 1183 1864 SOLAN.

108 1882 182 1918 ead.
195 1880 217 1917 l.
230 1893 268 1930 7.
281 1875 438 1930 Ἕκτορα
448 1910 459 1928 ,
475 1900 521 1914 ,-
534 1884 621 1918 Λυκ.
637 1900 682 1908 -
694 1878 857 1931 Ἀστερ.)
872 1878 991 1918 Hom.
1008 1877 1110 1918 Iliad.
1124 1883 1155 1917 Φ
1167 1907 1180 1926 ,
1196 1892 1245 1932 34
1255 1909 1268 1926 ‚
1282 1881 1325 1920 δε

55 1932 159 1987 seqq.
177 1934 216 1973 it.
233 1947 319 1986 179.
331 1933 491 1973 SOLAN.

108 1989 185 2027 ead.
203 1987 226 2026 l.
250 1987 473 2027 ιο.1“έλωτιι
489 1985 534 2026 ὂὶν
545 1985 781 2037 ὀφλισκάνοι)
796 1985 921 2039 Supra
933 1984 1055 2025 Deor.
1071 1983 1173 2025 Dial.
1190 1985 1328 2035 ΧΧΠ,’

57 2039 112 2090 §2
129 2041 154 2081 f.
173 2041 237 2080 καὶ
248 2043 406 2096 γέλωτα
420 2037 570 2091 ὀφλήσω
583 2043 689 2092 παρὰ
703 2039 837 2080 πᾶσιν.
853 2040 913 2080 Ac
925 2039 1027 2079 Dial.
1051 2040 1171 2079 Mort.
1198 2040 1276 2081 XV
1298 2039 1326 2080 f.

53 2094 152 2135 Item
165 2095 230 2135 Bis
244 2095 379 2136 Aecus.
396 2107 430 2134 c.
449 2108 508 2147 15.
531 2094 579 2134 Et
597 2095 774 2148 persaepe
795 2094 895 2134 alibi.
918 2093 1039 2133 Dion.
1059 2093 1146 2133 Hal.
1166 2092 1266 2139 Vll,
1288 2107 1327 2146 ρ.

56 2162 106 2188 m.
122 2163 214 2203 473,
225 2149 279 2199 μὴ
297 2150 362 2189 καὶ
377 2149 539 2203 γέλωτα
553 2149 658 2200 ὄφλῃ.
677 2148 927 2202 Aristophan.
939 2148 1044 2188 Nub.
1062 2160 1175 2200 1031,
1191 2147 1256 2186 καὶ
1267 2148 1326 2199 μὴ

54 2205 200 2261 γέλωτ’
210 2202 381 2254 hominm
394 2203 541 2243 Rtrrz.

109 2257 201 2309 Pag.
223 2271 282 2297 10.
299 2258 326 2298 l.
347 2271 381 2297 1.
395 2255 583 2310 Πορφυρᾶν
605 2277 649 2286 -
665 2254 837 2308 ἓιφθὲραν
853 2255 954 2310 &c.)
969 2254 1093 2309 Supra
1109 2260 1262 2309 Συγγρ.
1289 2263 1328 2299 c:

59 2325 120 2367 19.
145 2311 302 2352 SoLAN.

109 2369 186 2405 ead.
209 2365 234 2404 l.
257 2379 295 2415 7.
311 2363 447 2418 Πυθοῖ)
469 2365 585 2405 Πυθοῖ
600 2363 641 2404 δι
661 2361 832 2417 Πειραιοῖ
846 2375 925 2402 non
949 2360 1024 2402 effe
1046 2361 1251 2409 adverbia,
1269 2362 1326 2403 uti

55 2419 199 2472 vulgus
214 2419 569 2460 Grammaticorum
589 2418 743 2464 statuit,
761 2417 822 2457 sed
842 2417 1036 2456 ablativos
1056 2416 1326 2457 obsoletorum

56 2475 261 2514 nominum
275 2473 378 2512 Πυθὼ
396 2474 435 2513 8(
451 2473 610 2525 Harpax&
623 2503 633 2517 ,
650 2485 749 2524 quae
770 2473 808 2510 in
830 2471 943 2510 tertio
958 2470 999 2510 &
1012 2469 1119 2510 sexto
1141 2470 1228 2511 casu
1252 2470 1327 2509 ha-

55 2528 147 2570 bent
162 2528 193 2569 οἳ
208 2558 220 2579 ,
236 2527 431 2570 contracte
452 2526 505 2575 οῖ,
524 2538 567 2568 ut
587 2525 728 2581 Anhf,
749 2524 874 2577 αἰδοῖ,
886 2535 1005 2578 atque
1017 2525 1056 2565 in
1075 2524 1146 2567 illis
1166 2523 1325 2578 intelligi
