1835 3408
386 133 478 180 550
575 113 1464 162 ANNOTATIONES

382 209 492 251 repta
514 210 609 251 ergo
629 199 805 252 epularum
832 195 1067 245 occasione,
1100 196 1138 235 in
1171 196 1418 248 comeffiztiones
1442 209 1560 244 mox,
1587 196 1660 249 qui

382 253 563 303 carpendi
590 265 670 292 erat
694 254 842 292 animus
863 282 876 297 ,
901 251 1017 289 vertit
1037 265 1048 297 3
1075 251 1115 290 δι
1139 251 1249 290 nimis
1275 250 1380 291 laute
1405 251 1578 291 habitum
1607 252 1660 290 ab

383 307 431 346 iis
449 306 695 359 Peregrinum
718 307 841 358 palam
857 316 1000 344 narrat.
1016 304 1144 356 Quod
1159 318 1180 344 a
1196 305 1372 345 Baronio
1387 305 1459 345 rite
1477 305 1662 345 observa-

382 372 466 400 tum
497 363 563 411 qui
590 373 779 414 carpunt,
807 373 878 399 nae
901 359 950 397 illi
974 360 1011 397 in
1033 360 1134 398 clara
1159 359 1246 398 luce
1271 361 1460 398 caecutire
1485 357 1662 399 censendi

382 413 483 454 sunt.
506 414 622 466 Frugi
637 445 650 460 ,
673 417 857 458 omnino,
883 412 1020 458 sobrii,
1041 414 1274 465 minimeque
1289 414 1399 452 luxui
1418 413 1530 452 dediti
1544 413 1662 463 prim-

385 470 475 508 aevi
503 469 556 507 illi
586 469 787 509 Christiani
821 467 928 506 fuere
949 481 962 514 ·‚
987 468 1074 518 quis
1103 466 1276 506 dubitet?
1301 467 1355 506 At
1385 467 1465 514 hic,
1491 466 1663 519 quisquis

385 521 439 562 est
455 553 466 567 ,
483 523 594 562 nimis
614 523 741 562 lautos
762 521 874 561 fuiffe
896 520 963 560 etsi
989 520 1083 560 falso
1108 520 1239 560 afferat
1254 551 1265 566 ‚
1285 534 1327 560 ut
1343 534 1422 560 non
1445 520 1662 568 afferuerit,

385 589 504 616 nemo
516 577 664 616 efficiet.
681 577 772 616 Non
794 575 900 615 secus
917 587 960 614 ac
974 573 1003 613 fi
1023 575 1159 614 castam
1181 575 1329 627 aliquis,
1343 576 1464 614 homo
1479 587 1664 627 nequam,

385 630 508 683 stupri
536 630 836 676 infimulaverit3
864 629 1050 681 probam,
1086 630 1344 682 pudicamque
1367 628 1442 668 effe
1474 630 1662 675 evincas,

384 685 576 724 mendacii
595 697 735 737 arguas
762 683 977 722 hominem:
1001 695 1080 722 non
1104 683 1192 723 ideo
1215 683 1379 728 efficies,
1407 694 1451 722 ut
1472 683 1533 722 ille
1557 682 1665 735 pudi-

387 750 473 778 cam
501 737 719 791 castamque
745 738 892 777 dixerit.
915 737 1178 776 Tertullianus
1202 737 1274 790 (ad
1298 739 1465 788 Martyr.
1488 750 1571 786 cap.
1596 734 1664 788 1.)

385 792 567 831 alimenta
590 804 780 832 memorat
802 805 822 830 a
841 790 1018 830 fidelibus
1046 791 1092 829 ad
1115 803 1183 830 eos
1210 790 1324 830 missa.
1351 790 1463 844 Quin
1486 790 1665 830 lulianus

386 844 464 896 ipse
485 845 672 898 Apostata
695 846 827 900 (apud
854 844 1008 885 Sozom.
1027 844 1079 891 V,
1098 845 1176 897 16.)
1206 844 1371 897 Epistola
1387 845 1432 884 ad
1459 844 1663 884 Arsacium

386 899 633 940 Sacerdotem
650 900 842 948 Galatiae,
854 899 1013 952 αἰσχρὸν
1031 900 1126 952 γὰρ,
1140 899 1170 938 εἰ
1184 898 1259 939 τῶν
1268 898 1335 948 μὲν
1346 898 1531 938 Ἰουδαίων
1543 895 1665 938 οὐθεὶς

387 953 590 1004 μεταιτεῖ,
613 956 782 1005 τρέφυυσι
804 953 850 994 δὲ
871 953 902 992 οἱ
923 954 1120 997 δυσσεβεῖς
1146 952 1338 992 Γαλιλαῖοι
1358 956 1449 1005 πρὶς
1474 952 1551 991 τοῖς
1575 950 1666 991 {eeu-

387 1007 463 1048 τῶν
486 1009 549 1046 καὶ
569 1007 657 1049 τοὺς
672 1007 880 1060 ἦμετέραυς.
901 1006 1010 1060 (Cit.
1025 1007 1210 1059 Vinding.
1229 1021 1265 1060 p.
1282 1007 1370 1060 12.)
1389 1007 1548 1046 SOLAN.
1563 1007 1666 1058 Aga-

392 1073 463 1110 pas
476 1092 486 1108 ,
508 1060 693 1102 afferente
710 1075 952 1115 unoquoque
972 1061 1130 1113 aliquid,
1148 1062 1255 1114 quod
1271 1074 1347 1101 una
1369 1061 1665 1103 consumerentz

390 1114 482 1155 hinc
504 1117 688 1164 ποικίλοι,
711 1130 792 1156 non
819 1130 840 1156 a
861 1117 970 1155 luxu.
998 1115 1129 1154 GESN.

459 1173 532 1208 ead.
550 1171 573 1208 l.
600 1172 658 1210 16.
681 1172 794 1225 Λόγοι
817 1170 899 1223 ἱεροὶ
923 1166 1077 1222 αὐτῶν)
1102 1169 1229 1208 Latius
1249 1170 1343 1209 haec
1366 1168 1487 1209 verba
1507 1179 1667 1220 patent;

390 1235 466 1262 nec
486 1223 698 1264 sermonem
719 1237 869 1265 tantum
894 1235 959 1263 aut
987 1225 1085 1263 inter
1109 1223 1310 1263 familiares
1333 1222 1460 1262 solitas
1479 1222 1666 1262 confabu-

390 1277 554 1317 lationes
576 1290 735 1327 notant,
760 1279 821 1318 sed
841 1279 987 1317 cultum
1010 1278 1229 1330 religiosum
1254 1278 1425 1317 Luciano
1443 1276 1533 1315 alibi
1550 1278 1667 1317 etiam

391 1330 599 1383 defignant.
614 1333 632 1386 (
647 1334 696 1371 V.
713 1334 759 1372 de
774 1333 861 1372 Dea
878 1333 965 1382 Syr.
990 1344 1024 1371 c.
1043 1346 1056 1370 1
1072 1346 1102 1379 1,
1126 1333 1190 1371 ubi
1205 1330 1467 1385 mysteriofhm.)
1481 1331 1542 1370 De
1554 1330 1667 1371 Chri-

389 1383 520 1424 stianis
536 1386 666 1439 itaque
681 1387 860 1426 hocloco
883 1385 982 1425 dieta
994 1416 1006 1432 ‚
1023 1385 1214 1425 sermones
1229 1387 1355 1438 primo
1370 1396 1586 1425 connotent
1599 1398 1667 1425 ne-

391 1439 489 1478 ceffe
504 1439 577 1487 est,
598 1441 736 1493 quibus
751 1440 854 1492 spem
873 1441 976 1478 vitae
990 1440 1156 1478 melioris
1175 1440 1281 1479 alunt
1293 1470 1303 1486 ‚
1327 1440 1547 1493 patienti-em
1562 1470 1573 1488 ‚
1587 1438 1666 1479 for·

390 1493 675 1546 titudinemque
689 1495 733 1533 iis
747 1495 899 1547 dignam
912 1523 923 1541 ‚
944 1506 1045 1546 quos
1061 1493 1170 1533 Deus
1184 1494 1275 1534 suos
1287 1493 1491 1546 agnoscat,
1511 1494 1667 1546 ingene-

390 1558 490 1585 rent.
514 1546 666 1588 Deinde
684 1561 838 1599 preces,
860 1548 1057 1600 hymnos,
1074 1548 1183 1587 verbi
1208 1547 1347 1587 Divini
1372 1547 1663 1595 meditationes,

391 1612 613 1652 ceteraque,
627 1603 767 1654 quibus
777 1631 788 1647 ,
804 1602 995 1642 orationis
1009 1615 1100 1653 ope,
1121 1602 1250 1642 cultus
1264 1602 1485 1642 continetur
1498 1602 1666 1642 divinus.

390 1653 468 1692 -His
498 1653 719 1695 solabantur
745 1656 884 1696 scilicet
908 1655 1045 1695 Christi
1072 1655 1183 1695 causa
1209 1656 1385 1703 vincios3
1407 1656 1464 1695 his
1495 1656 1665 1698 taedium

392 1708 555 1748 carceris
570 1708 759 1750 fallebant.
776 1710 877 1762 Quo
891 1710 983 1762 quid
998 1709 1248 1761 praestantius
1266 1723 1333 1750 aut
1349 1710 1575 1750 laudabilius
1594 1723 1667 1750 ex-

394 1762 556 1813 cogitari
571 1763 726 1815 potuit?
747 1765 860 1816 Quid
882 1763 1065 1816 insignius
1087 1764 1256 1804 Socratis
1278 1766 1415 1804 habuit
1436 1777 1579 1812 carcer,
1594 1763 1666 1804 Pa-

390 1814 554 1867 *ganismi
578 1818 698 1857 totius
725 1819 952 1857 admiratio?
973 1817 1100 1870 Quod
1120 1832 1217 1872 ergo
1243 1820 1331 1859 huic
1356 1819 1475 1858 unico
1496 1818 1666 1871 philoso-

393 1869 474 1921 pho
497 1870 682 1911 eximium
709 1871 811 1919 fuit,
833 1872 869 1911 id
891 1885 912 1911 a
935 1871 1154 1912 Christianis
1179 1873 1300 1926 vulgo
1323 1872 1537 1912 faciitatum
1562 1873 1667 1914 vide-

394 1935 506 1971 mus;
530 1937 716 1978 tantoque
739 1926 1016 1980 praestantius,
1033 1939 1182 1977 quanto
1206 1941 1306 1979 quae
1329 1928 1368 1966 hi
1391 1928 1438 1967 de
1466 1929 1666 1967 immorta-

393 1977 500 2017 litate
516 1980 664 2019 animae
675 2011 687 2028 ,
705 1980 1018 2033 beatitudineque
1035 1980 1165 2020 futura
1184 1980 1397 2022 afferebant
1408 2013 1420 2031 ,
1434 1982 1603 2023 certiora
1619 1982 1668 2022 iis

397 2031 439 2071 δι
459 2033 603 2072 maiora
616 2063 627 2080 ‚
649 2047 748 2086 quae
761 2034 823 2074 ille
836 2037 875 2073 in
888 2035 986 2073 hanc
1005 2047 1085 2074 rem
1108 2034 1328 2084 differebat,
1349 2035 1516 2076 fuerunt.
1529 2035 1585 2075 At
1601 2048 1666 2076 eo-

393 2085 481 2126 dem
498 2087 589 2129 loco
618 2089 730 2129 habet
756 2089 929 2140 ridetque
947 2088 1155 2140 Epicureus
1178 2090 1218 2129 &
1245 2090 1466 2138 Socratem,
1489 2090 1529 2129 δι
1552 2089 1665 2130 Chri-

395 2139 547 2180 flianos.
571 2141 702 2190 Adde,
727 2143 834 2194 quod
858 2143 1086 2196 Peregrinus
1106 2142 1172 2183 iste
1195 2144 1380 2197 impostor
1403 2157 1484 2184 erat
1500 2143 1665 2198 infignis.

396 2192 469 2232 Sed
490 2207 556 2233 cur
571 2197 646 2235 hoc
668 2196 890 2236 Christianis
907 2198 1054 2236 crimini
1069 2197 1194 2244 detur,
1207 2198 1310 2238 nulla
1332 2198 1433 2238 ratio
1450 2199 1515 2239 est.
1536 2197 1664 2253 Quafi

396 2259 496 2286 vero
513 2262 712 2301 nunquam
739 2251 827 2291 alias
844 2252 955 2290 bonis
982 2251 1101 2291 verba
1124 2252 1291 2292 dederint
1311 2253 1432 2294 callidi
1455 2253 1498 2293 δι
1520 2251 1664 2293 scelesti

394 2300 598 2396 {iorni-mss?
626 2305 709 2345 Nec
737 2307 801 2346 diu
823 2317 951 2347 tamen
972 2318 1063 2354 eos,
1090 2317 1133 2346 ut
1159 2319 1208 2347 ex
1233 2306 1478 2362 sequentibus
1496 2307 1665 2360 patebit,

411 2368 469 2396 ee
501 2365 538 2396 it.
590 2368 721 2397 OLAN.

451 2410 545 2464 Pag.
565 2411 655 2454 280.
673 2414 697 2454 l.
717 2409 840 2456 1.'‘E·n
859 2415 939 2470 γᾶς
961 2413 1074 2458 τοῦτο
1094 2413 1288 2469 ἒκοιλεῖτο)
1304 2414 1438 2457 Postea
1451 2414 1553 2458 enim
1570 2414 1662 2457 Pro-
