1783 3403
183 237 255 284 IN
286 236 846 286 DISSERTATIONEM
866 235 1006 282 CUM
1029 237 1160 287 HES.
1226 247 1322 308 493¹

58 325 159 380 apud
171 326 488 375 LXX‚Proverb.
501 327 557 366 ΠΙ
570 357 582 374 ,
602 341 622 365 2
632 339 645 365 1
659 351 672 372 ,
685 326 835 379 opponi
847 325 901 376 τῷ
913 327 1045 378 τηρεῖν,
1058 329 1124 368 ubi
1141 330 1302 383 legimus
1312 347 1326 373 ε

54 379 123 428 sete,
140 379 192 430 μὴ
208 381 445 433 παραῤῥυῇς,
468 378 622 434 τήρησον
639 382 705 421 τὴν
719 381 808 431 ἐμὴν
829 380 976 428 βουλήν.
1002 381 1109 423 Haec
1132 383 1198 436 per
1218 398 1325 429 com·¹

55 434 253 487 pendium.
280 434 432 474 Rmrz.
795 460 801 465 -

111 487 200 540 Pag.
218 489 336 540 151.l.
354 486 710 539 ι.Σκινδ“αλέιμους)
724 487 833 527 Alias
851 487 1124 539 σκινέάλμους.
1148 490 1320 534 Guvzr.

55 540 340 594 Σκινὸέιλμους)
361 543 489 582 Antea
505 541 736 582 scribebatur
757 540 1054 592 σκινέοιλέιμους.
1078 544 1131 583 Ut
1145 547 1325 586 ernenda-

55 593 173 634 tionis
187 595 286 634 ratio
301 607 451 649 pateat,
472 596 530 635 adi
543 594 735 648 Aristoph.
748 595 852 634 Nub.
870 609 910 635 v.
928 608 1002 649 130
1015 597 1056 636 E.
1074 597 1114 637 &
1127 598 1226 638 Ran.
1245 614 1324 652 250

54 645 111 687 D.
137 647 298 688 SOLAN.
325 648 655 701 Σκινὲαιλέιμους)
685 647 949 698 Σκινὸοιλμοὺς
979 662 1095 690 vocat
1123 652 1323 706 Aristoph.

55 704 143 748 Νεφ.
165 715 252 755 130,
264 703 329 742 ubi
345 705 458 743 docet
470 702 598 742 Schol.
619 703 772 755 proprie
790 701 841 741 fic
855 703 924 741 dici
937 704 991 742 τὰ
1004 705 1234 744 λεπτότατα
1247 707 1324 747 ττῖν

55 750 176 806 ξύλων
197 756 261 795 καὶ
276 759 331 796 τὰ,
352 756 428 796 τῶν
444 757 628 806 καλάμων
649 755 845 808 {zio-faena.
867 756 998 796 Utitur
1012 759 1124 797 etiam
1143 764 1322 812 Βατραχ.

54 808 132 861 835
153 810 284 848 eadem
311 810 584 865 orthographia
604 809 645 850 &
668 811 851 858 notione,
879 823 951 862 pro
974 809 1171 852 subtilibus
1198 815 1327 867 nugis.

52 860 209 902 Poterat
231 864 362 916 itaque
375 865 486 905 alicui
503 865 619 904 videri
635 893 645 911 ‚
669 863 769 904 forte
783 863 845 902 hic
859 864 974 902 etiam
990 865 1246 917 σκινὲαλμοὺς
1268 868 1327 908 es-

53 913 92 955 se
107 915 371 957 restituendos.
393 918 541 958 Verum
559 931 638 958 non
654 918 773 957 modo
787 916 985 969 utriusque
997 919 1146 960 formae
1156 922 1326 963 mentio-

51 982 142 1009 nem
156 969 247 1010 facit
262 971 503 1024 Hesychiu53
522 972 582 1012 sed
597 971 649 1011 est
659 972 789 1017 etiarn,
801 972 907 1023 quod
919 972 994 1012 huc
1007 971 1109 1013 forte
1124 976 1325 1027 pertineat,

53 1023 92 1062 in
101 1023 227 1064 Schol.
239 1026 284 1064 ad
294 1030 378 1073 Νεφ.
394 1026 416 1064 1.
426 1040 458 1066 c.
467 1025 581 1066 Τοῦτο
590 1025 635 1066 s&
648 1025 889 1078 (loquiturde
901 1027 1055 1066 nomine
1065 1027 1324 1084 σκινὸοιλμος)

53 1076 121 1116 ἐπὶ
138 1076 205 1119 τνῖς
228 1075 368 1118 edesion<
385 1080 580 1131 ὀξύνεται,
605 1081 670 1119 ἐπὶ
688 1079 734 1119 Σὲ
755 1077 828 1119 τοῖν
850 1080 1033 1130 πλαγίων
1054 1082 1326 1134 παροξύνεται.

54 1129 165 1171 Haec
174 1132 220 1171 ad
232 1134 392 1173 verbum
405 1133 707 1187 fignificant‚dici
717 1131 950 1184 σκινέαλμὸς
961 1134 1000 1172 δι
1009 1135 1248 1186 σκινὲοιλμοΐ
1262 1137 1325 1178 sed

51 1184 306 1237 σκινέέιλμον,
320 1202 357 1228 κ.
370 1202 407 1228 τ.
419 1199 454 1227 Λ.
469 1189 621 1228 Verum
636 1187 759 1240 potest
769 1186 866 1235 fieri,
887 1198 927 1225 ut
943 1188 988 1226 de
1001 1189 1264 1240 σκινὲάιλαμος
1279 1195 1323 1233 &

52 1239 288 1292 σκινὲοιλμὸς
299 1242 443 1295 aliquid
458 1242 586 1282 dicere
599 1241 767 1281 voluerit
781 1240 1008 1280 Scholiastes
1018 1271 1032 1288 ,
1046 1243 1152 1295 quod
1169 1246 1230 1284 vel
1244 1245 1323 1298 ipse

54 1292 156 1333 male
175 1294 442 1346 explicaverit,
464 1297 528 1337 vel
550 1296 768 1348 corruperit
787 1294 892 1333 alius.
916 1294 1100 1335 Ceterum
1124 1298 1254 1337 eadem
1267 1300 1324 1338 le-

51 1358 197 1439 &untur
210 1350 313 1402 apud
331 1347 485 1389 Suidam
501 1350 536 1390 h.
554 1363 593 1389 v.
614 1349 744 1390 stN.
766 1347 895 1387 Solani
914 1350 1170 1389 emendationi
1189 1353 1326 1392 adver-

71 1411 156 1441 atur
167 1400 347 1454 scriptura
354 1402 600 1443 Scholiastae.
615 1403 686 1443 Sed
696 1402 724 1442 ss
738 1403 776 1441 &
789 1401 982 1454 Aristoph.
993 1403 1034 1441 δι
1046 1405 1128 1443 eius
1137 1405 1262 1445 Schol.
1275 1408 1323 1447 ad

52 1454 92 1494 N
96 1456 159 1495 ub.
173 1468 212 1495 V.
229 1469 302 1509 130
319 1456 503 1509 inspicias,
517 1458 676 1506 videbis,
690 1458 726 1496 in
743 1455 940 1509 Aristoph.
965 1456 1222 1509 σκινὲαλμοὺς
1237 1461 1324 1512 qui-

52 1508 139 1548 dem
158 1509 211 1548 ob
230 1522 395 1550 metrum
417 1511 517 1551 recte
532 1512 629 1564 legi,
655 1510 793 1550 omisso
808 1511 930 1549 altero
944 1525 984 1549 οι.
1004 1511 1154 1551 Verum
1173 1512 1325 1554 Bisetus

51 1561 197 1603 indicat
208 1595 220 1612 ,
243 1577 303 1617 ap.
321 1564 424 1604 Suid.
439 1566 550 1604 etiam
565 1564 822 1613 σκινὲάλαμοι
839 1564 936 1616 legi3
959 1566 1065 1617 quod
1080 1579 1151 1618 pro
1164 1567 1325 1619 vulgata

52 1615 156 1657 facit.
182 1617 350 1669 Hesych.
365 1619 551 1672 triplicem
573 1619 802 1672 scripturam
826 1617 960 1665 affert,
982 1619 1128 1658 dicens:
1153 1622 1323 1661 {mvsa-

0 1716 1 1732 Ὶ
54 1682 192 1722 λοιμος,
205 1671 372 1723 σκόλοψ,
385 1673 483 1712 τινὲς
495 1672 541 1712 s'e
553 1673 622 1712 st&
636 1671 704 1712 τοῦ
715 1689 763 1727 χ,
784 1671 1058 1725 σχινέάλοιμος
1085 1674 1325 1727 (σχινὲάλοε

49 1739 121 1776 μος
136 1725 194 1764 ed.
212 1727 313 1780 Hag.
335 1728 448 1774 male,
469 1727 603 1781 credo)
626 1728 737 1765 ἄλλοι
764 1724 1014 1775 σκινδαλμός.
1037 1725 1174 1778 Quare
1193 1729 1322 1771 nilhic

53 1779 230 1825 mutavi,
251 1779 318 1819 etsi
337 1782 597 1831 σκινέαλμοὺς
617 1781 800 1821 usitatius.
832 1780 961 1819 Habet
983 1782 1156 1820 nonnihil
1178 1783 1224 1822 de
1244 1784 1321 1824 hoc

54 1833 253 1873 vocabulo
265 1834 307 1873 L.
321 1834 401 1874 Bos
415 1834 508 1875 Obs.
519 1835 614 1874 Crit.
632 1849 669 1888 p.
688 1834 771 1875 186.
785 1835 856 1874 Sed
871 1835 1186 1888 orthographiam
1203 1838 1320 1877 etiam

52 1886 95 1927 in
110 1888 237 1927 medio
251 1889 440 1940 relinquit.
466 1889 607 1928 Rfirrz.

108 1944 184 1981 ead.
204 1941 229 1980 l.
244 1956 279 1981 2.
300 1943 401 1981 Ἀλλ’
417 1942 432 1981 ὃ
450 1942 558 1992 μόνος
574 1942 709 1982 ταῦτα
721 1941 793 1994 σὺ)
814 1942 916 1980 Ἀλλ’
929 1938 968 1980 οὗ
988 1941 1096 1994 μόνος
1110 1942 1241 1985 ταῦτα,
1258 1945 1320 1986 εὖ.

54 1996 247 2036 MARcu..
270 1991 321 2035 023
335 1997 411 2036 iam
425 2008 506 2036 erat
520 1998 558 2036 in
573 1999 654 2036 edd.
670 1997 816 2036 nostris.
836 1996 980 2036 Rmz.

109 2053 183 2091 ead.
198 2050 222 2088 l.
239 2048 275 2089 8.
287 2050 413 2105 ’Ἔργα
425 2066 499 2103 μου
515 2051 670 2091 καὶτὰς
687 2049 844 2104 ἦμέρας)
868 2051 1065 2104 Antiquus
1083 2063 1177 2104 ergo
1197 2052 1257 2093 hic
1275 2053 1321 2097 ti-¹

54 2105 172 2146 tulus.
198 2103 358 2144 SOLAN.

108 2161 182 2198 ead.
197 2158 224 2198 l.
242 2172 302 2211 13.
323 2159 449 2198 Οἷα-εις
462 2158 557 2212 &c.)
572 2158 726 2198 Hefiod.
741 2160 837 2212 Ἐργ.
853 2157 943 2207 480.
966 2157 1123 2199 SOLAN.

109 2214 145 2252 in
158 2212 275 2252 Schol.
295 2214 359 2252 col.
375 2227 407 2252 1.
427 2214 449 2251 l.
464 2229 502 2262 4.
529 2212 640 2252 Τοῦτο
660 2213 706 2252 Σὲ
728 2214 815 2258 ἐπὶ)
848 2214 1011 2252 Videtur
1034 2213 1095 2253 hic
1118 2213 1319 2266 omiffum3

54 2267 163 2319 quod
174 2265 296 2307 exstat
307 2267 410 2320 apud
421 2267 575 2307 Suidam
591 2280 600 2307 :
629 2268 694 2306 ἐπὶ
709 2267 754 2306 ὃὲ
769 2266 842 2306 τῶν
856 2267 1036 2320 πλαγίων
1051 2268 1321 2319 παροξύνεται.

53 2321 184 2363 CLER.
212 2319 337 2373 Quod
352 2322 466 2360 etiam
485 2320 697 2374 agnoscunt
716 2320 762 2360 C.
777 2320 827 2360 G.
852 2321 1010 2360 Soum.

113 2377 206 2428 Pag.
226 2376 349 2427 152.l.
365 2390 398 2414 2.
421 2376 698 2430 ἕρησιμωτάτη
722 2375 758 2414 ἐν
780 2374 834 2421 τῶ
854 2376 918 2424 βίῳ
939 2375 1104 2425 μαντικὴ
1127 2376 1319 2427 νομίζοιτο,

55 2434 161 2468 ΛΤΚ.
185 2428 299 2468 Τοῦτο
316 2428 385 2478 μὲν
399 2430 458 2468 οὐν
476 2429 569 2482 &c.)
594 2430 654 2468 Sic
674 2430 847 2480 procedit
860 2431 888 2467 is
903 2430 1010 2468 locus
1025 2431 1063 2468 in
1077 2430 1317 2470 editionibus.

53 2482 128 2523 Sed
148 2483 243 2536 quid
266 2485 395 2535 priora
415 2484 534 2523 verba
555 2482 696 2523 faciant
718 2484 763 2521 ad
783 2484 1069 2535 praecedentem
1096 2485 1292 2537 periodum
1305 2514 1320 2530 ,

54 2537 156 2578 haud
169 2537 275 2579 facile
285 2538 372 2591 quis
385 2537 534 2579 dixerit.
548 2536 749 2579 Neceffum
764 2536 817 2578 est
832 2538 1007 2585 omnino,
1023 2549 1064 2578 ut
1078 2537 1237 2592 persona
1250 2538 1321 2578 Lu·
