1835 3408
380 189 478 235 4μ
573 173 1442 224 ANNOTATIONES

378 263 535 315 rarique
555 262 678 311 subit,
699 277 768 305 cur
789 275 974 304 mutatum
999 266 1165 312 iverint,
1188 280 1280 306 cum
1298 266 1465 307 famosus
1485 266 1640 308 Aeschi-

379 316 438 354 nis
462 317 674 364 Timarchus,
695 320 892 371 quivitam
915 319 1066 359 tandem
1088 319 1228 372 laqueo
1250 319 1397 369 finivit,
1421 320 1506 360 satis
1523 332 1640 361 notus

379 368 482 408 effet.
494 371 583 410 Vid.
600 371 692 410 Plut.
715 384 826 422 1545.
843 371 1000 411 SOLAN.

431 424 508 462 ead.
531 424 554 463 l.
572 439 608 472 4.
631 424 803 474 Κᾲκείνου
828 438 865 462 τι
891 424 1169 477 περιττότερον)
1188 424 1440 466 Athenienses
1460 426 1574 480 (dicit
1592 426 1639 467 ad

380 474 658 530 Timarchum)
686 478 813 516 literae
834 478 945 516 unius
968 478 1206 530 appositione
1228 489 1266 517 te
1294 479 1528 519 honorantes
1552 479 1639 520 Ati-

378 529 580 569 marchum
612 530 879 582 appellarunt3
903 529 980 570 ἔθει
1004 532 1084 584 γὰρ
1108 531 1279 580 κᾷιιείνου
1307 545 1345 570 τι
1381 533 1640 584 περιττότερον

381 581 574 633 ,προσ-εἶναί
591 597 668 630 σοι,
685 584 722 621 h.
739 597 773 623 e.
788 600 867 623 nam
879 583 913 622 δ’
928 584 986 623 illo
1001 585 1147 636 amplius
1166 587 1248 637 quid
1259 586 1375 623 habere
1394 587 1543 625 debebas.
1555 585 1640 625 Ob·

378 633 526 675 scurius
540 637 675 689 interp.
692 651 770 674 nam
783 639 845 676 hoc
859 638 917 675 tibi
931 637 989 677 illo
1009 637 1169 691 insignius
1181 639 1315 676 decebat
1329 639 1402 691 effi'·
1420 639 1522 678 Nihil
1540 639 1640 679 aliud

380 689 468 727 vult
487 688 638 736 auctor,
657 702 793 742 quam,
806 702 885 729 non
901 689 988 729 satis
1004 702 1106 737 erat,
1124 691 1302 744 appellari
1315 701 1354 731 te
1367 692 1641 740 Timarchum;

379 740 442 779 sed
466 754 606 781 nomen
630 753 741 783 tuum
761 743 892 796 augeri
911 743 1071 782 debebat
1090 757 1167 783 una
1190 745 1319 790 litera,
1341 755 1383 784 ut
1406 745 1636 799 Ἀτίμοιρχος

380 795 643 846 appellareris,
658 809 694 849 q.
719 796 753 835 d.
772 796 917 846 ἀτίμων
942 797 1072 849 ἄρχος.
1098 798 1311 837 νιτΒιΝθ.
1335 798 1527 850 Ambigua
1552 812 1641 838 ora-

380 847 440 886 tio
452 876 463 893 ‚
483 861 562 887 non
576 848 659 889 satis
679 849 849 897 clarum,
870 862 949 902 quo
967 850 1150 889 referatur
1167 850 1347 900 κᾴκεῖνον.
1362 851 1466 890 Nihil
1481 851 1570 890 mihi
1587 852 1643 891 vi-

379 901 492 940 detur
509 903 626 954 magis
645 904 877 949 convenire,
895 916 1010 955 quam
1025 915 1068 942 ut
1085 905 1254 944 dicamus
1270 905 1484 956 comparari
1496 904 1557 944 hic
1569 906 1641 944 ini-

381 955 526 994 micum
542 956 699 995 Luciani
714 968 801 996 cum
816 957 1023 996 Timarcho
1041 956 1106 996 illo
1118 987 1129 1005 ,
1150 969 1286 997 contra
1297 970 1411 1009 quem
1432 957 1558 998 habita
1573 971 1642 997 ex·

380 1006 453 1046 stat
474 1008 670 1049 Aeschinis
691 1011 839 1057 oratio,
863 1023 938 1063 qua
961 1010 1090 1049 eadem
1117 1010 1195 1050 fere
1213 1011 1288 1057 illi,
1307 1023 1406 1063 quae
1428 1010 1490 1051 hic
1510 1010 1641 1051 nostro

382 1061 635 1112 obiiciuntur,
657 1061 801 1103 summa
823 1063 1041 1116 praesertim
1065 1063 1263 1116 perversae
1290 1063 1452 1104 libidinis
1478 1064 1642 1117 impuri-

381 1124 451 1162 tas.
476 1114 582 1156 Dicit
606 1116 740 1170 igitur,
771 1117 810 1156 in
844 1128 1009 1156 mentem
1038 1116 1175 1157 venisse
1203 1116 1522 1164 Atheniensibus,
1548 1131 1640 1158 cum

380 1167 654 1218 spurciffimum
679 1170 781 1211 hunc
808 1171 1007 1210 mortalem
1030 1171 1223 1217 viderent,
1241 1171 1294 1210 sui
1317 1171 1512 1211 Timarchi
1541 1171 1642 1212 illius

383 1222 551 1275 antiqui:
570 1222 630 1263 sed
645 1236 734 1263 cum
752 1224 892 1263 vellent
911 1224 1096 1271 indicare,
1114 1224 1291 1264 huncillo
1306 1224 1467 1264 multum
1486 1223 1560 1264 effe
1574 1238 1642 1278 pe-

382 1274 651 1326 stilentiorem,
677 1290 756 1317 non
777 1277 1025 1318 Timarchum
1051 1277 1228 1326 vocaffe,
1248 1277 1308 1317 sed
1334 1278 1449 1318 aucto
1472 1277 1643 1331 aliquan-

383 1339 468 1368 tum
485 1331 642 1370 nomine
658 1331 921 1370 Atiniarchum
933 1362 944 1380 ,
957 1344 1000 1370 ut
1016 1330 1123 1370 fimul
1134 1331 1288 1371 πάντων
1301 1330 1374 1370 τῶν
1390 1331 1533 1381 ἀτίμων
1546 1331 1643 1382 πρῶ-

384 1396 448 1423 τον
461 1383 639 1424 dicerent.
649 1385 790 1424 Utrum
806 1396 932 1424 autem
949 1397 1090 1423 nomen
1106 1397 1239 1424 verum
1258 1385 1370 1424 huius
1384 1384 1546 1424 hominis
1560 1384 1644 1424 fue-

383 1436 433 1476 rit
445 1437 702 1484 Timarchus,
719 1438 823 1490 quod
844 1438 983 1477 indicat
1000 1437 1175 1478 Voffiani
1191 1437 1345 1479 Codicis
1359 1437 1574 1490 inscriptio,
1592 1451 1642 1478 an

383 1502 440 1529 ex
455 1490 529 1531 hoc
545 1489 625 1542 ipso
648 1491 738 1531 loco
760 1493 877 1533 tracia
892 1490 1049 1543 suspicio
1064 1493 1167 1537 eius,
1185 1492 1253 1543 qui
1272 1491 1376 1531 illum
1397 1491 1548 1531 titulum
1573 1505 1643 1544 po-

385 1543 481 1590 suit,
502 1557 581 1584 non
597 1543 708 1585 facile
722 1545 906 1585 dixerim.-
927 1544 994 1584 nisi
1012 1545 1116 1598 quod
1131 1545 1263 1585 melius
1285 1555 1443 1598 apparet
1457 1546 1554 1585 rati-o
1571 1557 1643 1585 au-

385 1597 505 1637 &oris
535 1598 673 1646 nostri,
700 1598 728 1638 si
750 1610 791 1639 re
818 1611 911 1639 vera
932 1598 1165 1641 Timarchus
1186 1599 1398 1652 appellatus
1419 1597 1497 1647 est,
1525 1611 1642 1652 quem

382 1649 537 1691 lacerat.
560 1651 686 1693 GizsN.

440 1707 514 1744 ead.
526 1706 551 1745 l.
568 1719 581 1743 1
591 1721 624 1745 2.
638 1705 829 1758 Κᾲκείνου)
842 1705 999 1746 Parodia
1013 1705 1067 1746 est
1078 1718 1126 1746 ex
1140 1705 1254 1745 variis
1265 1704 1430 1746 Homeri
1443 1704 1540 1746 locis
1552 1718 1644 1746 con-

386 1755 548 1798 cinnata.
561 1759 648 1800 vid.
663 1759 766 1799 lliad.
780 1765 808 1798 N
820 1789 833 1806 ,
851 1760 951 1811 6053
975 1764 1028 1806 Λ,
1050 1773 1120 1813 233
1135 1774 1147 1808 ;
1161 1759 1202 1798 δι
1219 1765 1261 1806 Ε,
1280 1773 1368 1812 293.
1382 1759 1540 1799 SOLAN.
1557 1760 1642 1799 Ho-

385 1823 481 1851 mer.
496 1812 538 1851 11.
554 1816 605 1859 A,
624 1826 719 1866 233:
738 1812 924 1864 Ἀτρείὲης
946 1812 1013 1861 μὲν
1029 1810 1200 1865 ἳιμιιρτε,
1221 1813 1340 1866 παραὶ
1355 1811 1400 1852 se‘
1413 1812 1444 1851 οἱ
1458 1813 1640 1865 ἐτράπετ’

382 1861 522 1918 ἔγχος.
536 1865 579 1907 11.
594 1871 638 1912 E,
656 1880 727 1920 293
743 1882 751 1906 ε
767 1866 897 1920 Αἰχμῖτ
917 1864 953 1904 δ’
973 1866 1133 1920 ἐξεχύθη
1149 1868 1255 1919 παρὰ.
1278 1866 1414 1906 νείατον
1436 1865 1642 1918 ἀνθερεῶνα.

383 1917 532 1959 versus
544 1919 768 1959 sublimitate
788 1919 829 1960 &
844 1920 1100 1972 magnitudine
1113 1933 1238 1959 rerum
1252 1950 1265 1966 ‚
1285 1920 1331 1959 de
1350 1919 1489 1973 quibus
1504 1920 1642 1973 agitur,

385 1971 511 2026 digni,
532 1973 622 2012 dum
643 1974 690 2013 ad
713 1986 794 2013 rem
810 1974 861 2013 ita
880 1973 1051 2027 spurcam
1075 1986 1118 2013 ac
1140 1973 1389 2027 despuendam
1405 1973 1642 2020 adhibentur,

384 2024 643 2080 ψυχρολογία,
657 2027 740 2066 inde
757 2027 895 2075 oritur,
919 2041 1017 2080 quae
1032 2027 1121 2066 nihil
1141 2027 1240 2067 aliud
1258 2025 1310 2066 est
1323 2056 1332 2074 ,
1351 2040 1467 2079 quam
1481 2027 1641 2081 μέγεθος

386 2078 709 2131 Σιημοιρτημένον,
734 2081 887 2132 grandia
911 2081 957 2120 ad
976 2080 1137 2134 speciem
1162 2081 1280 2120 verba
1299 2080 1559 2133 intempestive
1584 2093 1643 2120 re·

388 2132 463 2172 bus
477 2134 643 2173 adhibita
658 2134 835 2174 futilibus.
851 2135 939 2173 Vid.
956 2133 1174 2174 Demetrius
1189 2135 1234 2174 de
1250 2134 1353 2173 Eloc.
1371 2133 1387 2183 §
1408 2147 1420 2171 ι
1433 2147 1490 2183 ¹4·
1503 2133 1574 2173 Sed
1587 2135 1643 2173 ni-

388 2187 532 2227 mirum
551 2186 800 2242 ψυχρολογία
814 2201 864 2227 eo
886 2187 969 2240 ipso
990 2187 1063 2227 effe
1081 2188 1225 2226 ratione
1244 2186 1357 2239 ipsms
1374 2187 1532 2227 Luciani
1545 2187 1643 2228 defi-

391 2239 466 2285 nit,
493 2241 598 2292 quod
611 2241 861 2281 committitur
874 2255 897 2280 a
909 2241 1048 2280 sciente
1061 2240 1101 2280 δι
1117 2241 1284 2280 volente.
1300 2240 1428 2281 GEsN.

442 2294 523 2333 ibid.
541 2296 662 2345 Παραὶ
684 2294 747 2342 Σὲ)
771 2294 888 2334 Conf.
904 2294 1000 2334 infra
1018 2295 1162 2347 Lapith.
1183 2307 1216 2335 c.
1234 2294 1460 2343 44.R1=.1·rz.

443 2350 518 2389 ead.
537 2347 561 2386 l.
581 2361 638 2400 ¹3·
651 2347 834 2400 Ἐξελὺθη)
848 2349 900 2387 At
914 2349 951 2387 in
967 2349 1128 2388 Homer.
1143 2347 1186 2388 11.
1201 2353 1237 2395 E,
1250 2348 1273 2387 l.
1294 2348 1328 2388 d.
1342 2348 1443 2400 legas
1457 2346 1616 2401 ἐξεχύθη
1630 2353 1646 2394 ‚‘

389 2401 496 2455 quod
510 2413 646 2440 verum
669 2401 742 2440 efl'e
756 2432 767 2449 ,
787 2401 1008 2441 Scholiastes
1027 2402 1188 2441 Homeri
1203 2401 1359 2453 probat,
1378 2402 1445 2453 qui
1466 2401 1503 2439 id
1528 2403 1645 2439 inter·

391 2465 563 2507 pretatur
589 2454 800 2507 ἐξώρμησε,
818 2454 954 2497 διῆλθε.
973 2455 1072 2495 Nam
1086 2455 1113 2495 fi
1135 2454 1286 2509 ἐξελύθη
1304 2452 1522 2505 invenisset,
1541 2467 1645 2503 non,
