1835 3408
483 157 577 221 498
683 153 1549 203 ANNOTATIONES

484 245 596 283 etiam
609 254 808 296 utcunque
822 242 1006 282 illustrant
1019 241 1178 282 obscura
1194 241 1282 281 sane
1292 243 1449 282 Luciani
1462 244 1593 290 verba,
1612 243 1647 283 ἐν
1660 237 1737 285 τοῖς

478 294 612 344 Ἴωσιν,
625 311 790 349 quorum
802 310 848 336 an
861 309 951 335 vera
967 296 1009 334 sit
1022 295 1154 342 lectio,
1166 308 1214 334 an
1226 309 1301 348 ego
1314 295 1535 335 sententiam
1551 297 1738 338 affecutus

483 350 550 389 sim
563 381 576 397 ,
597 352 804 390 asseverate
817 350 935 388 nolim
954 349 1093 388 dicere.
1114 349 1226 388 Iones
1239 350 1430 400 antiquam
1446 350 1738 390 Atheniensium

482 405 674 444 coloniam
688 400 760 444 effe
775 402 920 443 constat
931 432 942 448 ‚
960 403 1024 441 vel
1039 415 1087 441 ex
1100 401 1180 453 ipso
1191 402 1432 453 Thucydidis
1445 403 1545 444 loco.
1568 403 1694 444 GEsN.

536 459 610 496 ead.
626 459 649 496 l.
668 472 700 510 3.
721 455 950 508 Κρώβυλλον)
971 455 1170 506 Crobylus
1191 456 1350 494 crinium
1376 456 1509 506 plexus
1523 459 1560 496 in
1574 469 1736 497 acumen

483 510 651 550 desinens
665 541 676 558 ,
704 512 749 549 de
764 523 844 561 quo
855 509 1104 559 Thucydides
1116 510 1153 547 in
1168 510 1306 561 primo.
1333 508 1520 549 Plutarch.
1543 511 1581 549 in
1604 511 1737 550 libello

483 565 527 602 de
543 576 689 603 tacente
708 564 857 614 Pythia.
881 562 1044 602 Tertull.
1069 562 1134 601 lib.
1155 564 1201 601 de
1228 562 1396 600 velandis
1418 563 1643 615 virginibus.
1673 563 1737 604 De

479 618 606 657 cicada
629 617 915 656 Atheniensium
934 615 1052 668 Greg.
1067 616 1295 654 Nazianzen.
1319 616 1544 666 Κεκροπίδαι
1562 618 1736 670 τέττιγα.

482 671 633 709 πλὸκων
648 669 741 720 ὑπὲρ
756 670 836 708 υἱέσι
847 670 962 722 γαίης
977 670 1165 721 Γηγενέες.
1181 691 1225 698 -
1239 669 1386 708 COGN.
1402 670 1564 722 Legend.
1577 671 1735 723 interpr.

481 723 724 775 Aristophan.
747 724 794 761 ad
819 723 921 762 Nub.
936 723 1064 761 Tzetz.
1087 721 1214 761 histor.
1229 735 1298 774 301
1316 751 1327 768 ‚
1352 721 1452 761 Chil.
1476 735 1534 762 10.
1559 724 1737 766 BOURD.

480 778 680 829 Κρώβυλον,
697 776 758 816 seu
773 777 962 827 κρωβύλον,
977 776 1190 828 legendum.
1217 775 1388 815 GUYET.

534 832 609 868 ead.
630 831 654 869 l.
675 844 711 882 9.
740 831 864 877 ΛΥΚ.)
889 829 1062 868 Luciano
1080 829 1171 868 haec
1184 856 1196 877 ,
1212 841 1294 872 non
1310 829 1516 876 Timolao,
1532 830 1596 870 cui
1611 830 1736 884 vulgo

479 884 715 931 tribuuntur,
729 884 979 922 conveniunt.
1005 882 1161 921 SOLAN.

533 939 605 975 ead.
628 937 653 976 l.
682 950 694 974 ι
707 951 737 975 1.
757 936 831 975 Τῶν
847 936 982 987 βυρσῶν
994 939 1065 975 τὰς
1081 935 1291 988 ἐπιβολὰς)
1307 934 1416 988 .Quo
1431 935 1644 976 instrufflor
1667 950 1735 977 na·

479 990 539 1029 vis
550 1020 563 1036 ,
586 1000 694 1030 tanto
710 990 836 1042 plures
850 990 978 1028 habuit
997 989 1112 1042 pelles
1125 991 1166 1030 δι
1181 991 1284 1029 coria
1299 991 1344 1028 ad
1360 989 1466 1028 usum
1481 1020 1494 1038 ‚
1520 1003 1633 1042 quem
1647 989 1736 1030 Pol·

479 1044 574 1090 lucis
590 1044 716 1083 verbis
727 1045 814 1083 licet
827 1043 1032 1083 describere
1045 1043 1082 1089 1,
1101 1058 1116 1082 1
1127 1056 1191 1082 20:
1216 1045 1272 1081 Τὰ.
1285 1043 1329 1082 δὲ
1343 1042 1449 1082 ὅπλα
1464 1041 1533 1082 τῆς
1549 1044 1631 1083 νεὼς
1646 1044 1735 1098 Σέῤ·

480 1098 555 1149 ῥεις
566 1098 630 1136 καὶ
643 1096 683 1137 st
692 1096 857 1148 ιθέραι-
869 1098 958 1148 πρὸς
972 1099 1046 1136 τὰς
1062 1092 1241 1142 {omanem
1257 1099 1413 1146 (contra
1430 1096 1503 1135 tela
1515 1098 1637 1151 varia)
1651 1099 1739 1138 ἀντ-

481 1151 709 1202 εσοφίζοντο,
736 1152 871 1203 βύρσας
893 1149 1164 1202 προσηλοῦντες
1183 1153 1272 1202 πρὸς
1303 1153 1354 1189 τὰ
1380 1151 1630 1203 τειχίσματα.
1659 1151 1735 1192 τῶν

479 1205 588 1251 νεῶν,
611 1203 739 1244 ‘do-rm&
757 1203 900 1256 σι’ἓηρος
922 1204 1097 1252 &meusim
1124 1206 1213 1255 πρὸς
1232 1209 1275 1242 τὸ
1293 1204 1501 1243 ἀντίτυπον
1523 1204 1732 1250 ἀντιλαβὴν

481 1255 544 1296 οὐκ
570 1257 623 1309 ἕχ
629 1273 686 1298 ων.
711 1258 864 1311 irritum
878 1258 985 1298 cadit
1009 1258 1048 1296 ἃ
1070 1257 1221 1296 aberrat
1246 1270 1267 1296 a
1294 1256 1544 1297 destinatione
1566 1257 1734 1307 ferrum,

480 1325 568 1351 cum
583 1313 689 1352 irruit
708 1313 744 1350 in
757 1313 977 1364 oppositum
990 1310 1056 1349 sibi
1073 1312 1247 1363 quiddam
1259 1340 1270 1357 ‚
1298 1311 1404 1362 quod
1422 1323 1556 1350 contra
1570 1313 1636 1351 niti
1652 1325 1732 1352 non
1786 1364 1788 1366 v

479 1365 626 1417 potest,
649 1365 707 1404 sed
723 1366 819 1404 cedit
831 1395 844 1412 ‚
861 1366 1019 1417 vimque
1032 1366 1128 1404 adeo
1147 1364 1212 1404 teli
1229 1364 1317 1404 illati
1332 1364 1478 1417 frangit.
1507 1364 1659 1406 Interim
1673 1367 1734 1406 vi·

478 1420 559 1458 deri
583 1420 623 1458 &
647 1419 839 1458 numerari
862 1419 900 1457 in
915 1420 1031 1458 coriis
1045 1418 1119 1456 istis
1140 1417 1289 1470 poffunt
1304 1416 1342 1456 αἱ
1362 1419 1558 1467 ἐπιβολαὶ,
1580 1421 1734 1472 vestigia

477 1473 712 1526 impetuum‚
732 1472 880 1524 ipsique
894 1472 989 1511 adeo
1005 1472 1122 1517 ierus,
1142 1485 1184 1510 ut
1206 1472 1242 1510 in
1264 1472 1372 1511 scuto
1394 1471 1529 1512 scilicet
1553 1474 1732 1527 vestigia,

477 1539 576 1578 quae
598 1527 635 1564 in
656 1526 698 1565 iis
720 1526 867 1565 haesere
879 1554 893 1571 ,
909 1526 1088 1565 telorum.
1114 1524 1237 1577 Quod
1251 1525 1279 1564 si
1293 1527 1354 1565 cui
1369 1526 1481 1565 nimis
1497 1527 1570 1566 hoc
1590 1528 1732 1568 durum

475 1580 665 1627 videatur,
681 1579 899 1632 praesertim
913 1579 949 1617 in
965 1580 1054 1618 navi
1067 1578 1297 1632 σιταγωγῷ,
1309 1591 1387 1618 non
1402 1580 1553 1620 bellica:
1570 1581 1631 1621 ille
1647 1581 1733 1621 ἐπι-

475 1633 608 1678 βολὰς,
631 1646 697 1684 per
709 1633 897 1680 noslicet,
920 1633 1101 1685 intelligat
1113 1631 1325 1684 simpliciter
1347 1633 1565 1673 inieffiones
1580 1635 1644 1674 vel
1663 1636 1734 1674 im-

476 1686 686 1738 positiones
699 1688 896 1726 coriorum
908 1716 919 1733 ,
934 1686 1089 1738 ipsaque
1102 1687 1198 1724 adeo
1211 1686 1345 1726 iniecta
1358 1687 1398 1726 δι
1413 1688 1526 1726 affixa
1541 1688 1587 1727 ad
1599 1690 1730 1729 navim

474 1740 653 1779 ruendam
668 1742 784 1779 coria.
799 1740 858 1780 Sic
871 1740 1048 1792 accepisse
1065 1740 1269 1790 Micyllum
1285 1741 1412 1779 video.
1434 1741 1505 1781 Sed
1519 1754 1642 1795 neque
1659 1742 1732 1782 dis-

473 1792 681 1832 simulanda
703 1793 884 1833 Schefferi
907 1793 1086 1832 sententia
1105 1794 1151 1832 de
1167 1794 1243 1832 mil.
1256 1806 1348 1833 nav.
1363 1793 1401 1833 11
1414 1823 1425 1840 ,
1445 1809 1488 1846 5,
1507 1808 1543 1846 p.
1560 1809 1648 1845 141,
1661 1798 1730 1851 qui

473 1846 647 1899 intelligit
659 1848 734 1898 ipsa
750 1848 835 1886 vela
849 1861 869 1887 e
881 1847 1050 1898 pluribus
1064 1847 1222 1900 pellibus
1240 1847 1395 1887 consuta
1407 1878 1418 1896 ‚
1439 1849 1579 1900 quibus
1599 1852 1731 1902 proin-

473 1896 520 1939 de
535 1901 776 1940 numerandis
795 1901 1017 1953 magnitudo
1039 1901 1150 1940 navis
1174 1901 1440 1941 aestimaretur.
1463 1902 1602 1954 Eligat,
1622 1905 1730 1957 quod

472 1954 630 2007 quisque
646 1955 822 1994 voluerit.
843 1956 910 1993 Me
926 1954 1141 2005 praesertim
1157 1955 1282 1993 movit
1303 1955 1478 1995 solemnis
1497 1956 1558 1996 illa
1578 1958 1615 1996 in
1630 1970 1728 1998 nau·

471 2009 548 2047 tica
570 2021 611 2047 re
628 2007 695 2048 τῆς
716 2007 889 2054 ἐπιβολῆς
906 2007 946 2047 &
967 2007 1125 2058 ἐμβολῆς
1150 2007 1398 2061 significatio,
1426 2023 1540 2062 quam
1568 2011 1726 2052 illustrat

471 2062 585 2101 etiam
599 2061 777 2102 Scheffer.
794 2076 831 2115 p.
848 2077 893 2114 23
904 2075 935 2113 5..
959 2062 1087 2101 GEsN.

534 2118 608 2155 ead.
622 2116 645 2154 l.
663 2129 720 2164 14.
741 2115 814 2154 Τῶν
827 2116 1038 2168 κεροιάκων)
1054 2115 1128 2155 Hic
1145 2126 1247 2155 certe
1267 2115 1453 2168 κεροίοικες
1465 2129 1545 2156 non
1560 2115 1645 2158 sunt
1657 2131 1725 2160 ex-

470 2178 592 2207 trema
604 2168 628 2207 s.
642 2182 785 2208 cornua
800 2182 1050 2209 antennarum
1064 2200 1076 2217 ‚
1089 2170 1432 2221 utinterpretamur
1447 2183 1534 2210 cum
1556 2171 1726 2224 Micyllo

470 2222 508 2260 in
527 2222 695 2270 Lexici53
715 2222 781 2261 nisi
805 2233 983 2276 putamus
997 2222 1101 2276 poffe
1117 2223 1281 2275 aliquem
1298 2235 1522 2276 percurrere
1541 2223 1640 2277 ipsas
1656 2239 1725 2266 an-

470 2285 623 2321 tennas,
648 2277 686 2314 &
708 2279 838 2316 eadem
853 2290 984 2317 earum
1000 2288 1170 2316 extrema
1188 2277 1529 2330 comprehendere:
1551 2278 1658 2330 quafi
1676 2290 1724 2320 tu

470 2329 574 2368 dicas
587 2330 850 2369 funambulum
873 2342 1042 2370 extrema
1056 2331 1136 2370 eius
1150 2330 1266 2379 funis,
1280 2343 1346 2382 per
1360 2344 1474 2382 quem
1488 2333 1621 2379 currit,
1647 2347 1724 2373 ma-

468 2382 579 2420 nibus
593 2393 732 2422 tenere.
758 2382 827 2422 Sed
849 2383 934 2423 sunt
951 2385 989 2430 ii,
1007 2397 1108 2436 quos
1121 2385 1232 2423 etiam
1248 2384 1425 2424 Lucanus
1439 2384 1554 2433 VIII,
1579 2399 1667 2437 177,
1678 2387 1722 2426 δι

469 2435 530 2483 X,
544 2450 642 2491 495,
663 2436 811 2478 Graeca
825 2451 925 2479 voce
935 2439 1089 2479 ceruchos
1101 2439 1262 2480 vocavit
1274 2467 1287 2488 ‚
1309 2438 1507 2486 rudentes,
1522 2440 1660 2493 quibus
1675 2441 1723 2484 ab

1803 2260 1809 2266 κ
1800 2246 1803 2250 v
1797 2030 1809 2203 §.qu-qau-
1796 1852 1810 2018 ὑμῶν-συν.-
1801 1824 1809 1838 v
1799 1634 1810 1816 Abm-0.
