1835 3408
511 158 603 218 468
702 157 1573 208 ANNOTATIONES

561 252 642 290 ibid.
651 246 857 305 Ἀντίγονος
869 274 913 282 -
925 249 1089 301 μονοφθ.)
1105 250 1217 290 Unde
1230 250 1271 290 δι
1282 250 1456 304 Cyclops
1469 244 1763 303 cognominatus

507 302 589 343 fuit.
603 303 708 344 Cael.
724 305 893 357 Rhodig.
910 316 985 343 ant.
1001 303 1120 343 Leett.
1139 303 1256 350 XXI,
1276 304 1322 356 38
1338 334 1350 350 ‚
1372 304 1680 358 p.838.MA1u5.

561 361 634 396 ead.
649 359 674 396 l.
698 357 995 409 ιο.Ἱερώνυμος)
1015 358 1063 396 Et
1088 357 1216 402 miles,
1238 356 1278 396 δι
1301 359 1466 409 legatus,
1493 357 1535 397 δι
1560 359 1760 400 historicus

506 409 599 457 fuit,
620 411 733 450 Diod.
750 411 821 450 Sic.
839 410 994 456 XVIII,
1013 425 1050 463 p.
1063 411 1151 460 650.
1170 410 1357 462 Antigoni
1374 411 1538 464 legatum
1552 414 1597 451 ad
1612 413 1759 453 Eume-

506 476 593 502 nem
607 463 711 504 fuifl'e
723 465 893 504 discimus
907 476 953 502 ex
968 463 1062 503 Plut.
1076 464 1186 502 Eum.
1205 477 1239 513 p.
1258 476 1340 516 590.
1358 463 1549 516 Scripsisse
1561 467 1608 504 de
1622 465 1762 506 succes.

505 517 675 557 sionibus
688 519 797 556 tradit
820 517 963 570 loseph.
983 517 998 555 1
1017 517 1117 555 Adv.
1144 517 1287 569 Apion.
1303 530 1387 570 pag.
1406 530 1528 569 ¹050}
1548 529 1699 558 centum
1717 519 1759 559 δε

505 569 574 610 XL
593 584 712 610 annos
733 584 753 609 a
767 583 877 622 tergo
893 569 1051 622 posuiffe
1067 570 1205 609 Noster
1221 569 1316 608 infra
1338 572 1470 610 innuit.
1498 572 1656 611 Mnus.
1682 573 1760 612 Im·

504 637 572 662 mo
590 625 634 662 de
650 623 1046 663 sticcessorIbus‘Alex.
1061 624 1116 663 M.
1133 623 1213 675 περὶ
1228 623 1301 664 τῶν
1321 623 1533 677 ὃιιιὸὅχων.
1552 626 1635 666 Vid.
1647 625 1757 668 Voff.

504 678 549 716 de
565 677 658 716 Hist.
673 677 742 717 Gr.
758 677 797 725 1,
816 691 829 715 1
843 692 876 724 1,
897 677 924 716 l.
948 677 1073 716 GESN.

555 731 635 768 ibid.
652 730 876 784 Λυσίμαχος
900 752 945 761 -
969 730 1050 769 ἔτος
1073 728 1350 783 δ’γὲοηκοστὸν)
1377 729 1539 770 lustinus
1555 730 1691 777 XVlI,
1720 745 1756 781 ι,

500 796 648 836 quatuor
667 783 708 822 δι
736 784 840 823 LXX
860 784 1002 823 tribuit.
1024 784 1131 823 LXX
1157 794 1304 823 tantum
1331 784 1432 837 App.
1459 785 1572 824 Alex.
1599 785 1639 824 in
1667 785 1758 839 Syr.

501 850 586 889 pag.
605 851 688 888 209.
714 838 874 876 Mnus.
1176 890 1181 896 ⁸
1389 890 1396 897 ι
1495 891 1503 898 ⁸

555 893 629 929 ead.
645 892 667 928 l.
687 904 745 942 15.
763 889 921 943 Mi'isaor)
936 889 1060 937 Scias,
1083 889 1253 929 Medium
1273 901 1400 930 notari
1419 889 1648 931 Lanffaeum
1662 922 1673 941 ,
1696 893 1757 933 hi..

500 943 682 984 storicum
697 974 710 990 ‚
727 944 766 983 &
786 957 873 983 cum
895 944 1007 983 Alex.
1030 944 1086 982 M.
1109 944 1342 983 militantem.
1365 944 1490 983 Strah.
1513 945 1590 994 XI,
1611 959 1648 999 p.
1667 960 1755 999 509.

499 997 706 1050 Ἀντιγόνου
721 998 828 1048 φίλον
845 997 939 1036 Plut.
954 998 990 1036 in
1004 996 1175 1036 Demetr.
1189 1011 1223 1049 p.
1241 997 1331 1050 896.
1347 998 1510 1037 Mnus.

553 1054 626 1090 ead.
644 1052 670 1090 l.
687 1054 744 1090 16.
759 1051 1001 1104 Ἀντίπατρος
1016 1050 1032 1089 ὁ
1045 1050 1201 1104 Ἰολάου)
1215 1050 1344 1090 Probo
1358 1053 1474 1104 magis
1486 1050 1757 1105 Obsopoeum,

498 1116 734 1152 vertentem,
753 1105 939 1158 Antipater
956 1117 1052 1157 patre
1077 1105 1174 1143 Iolao
1198 1105 1345 1158 genitus,
1365 1118 1479 1158 quam
1505 1105 1753 1147 Benediaum

498 1158 713 1209 posteriora
731 1159 972 1197 omittentem
985 1189 996 1206 ‚
1015 1169 1056 1197 ut
1083 1168 1261 1211 apparet,
1281 1172 1371 1210 quia
1392 1158 1432 1198 &
1451 1157 1570 1198 filium
1588 1160 1754 1212 »Antipa-

496 1212 546 1250 tri
563 1211 694 1251 Iollam
709 1212 772 1251 vel
787 1211 935 1251 Iolaum
952 1213 989 1250 in
1009 1211 1162 1251 historia
1183 1212 1434 1251 Macedonica
1455 1214 1635 1253 audierat.
1651 1215 1752 1255 Nam

496 1265 584 1304 licet
597 1267 631 1304 id
647 1267 696 1304 ita
709 1265 752 1304 sit
763 1296 773 1313 ‚
788 1265 828 1304 δι
841 1266 1013 1305 habuerit
1028 1279 1076 1304 eo
1092 1265 1248 1305 nomine
1260 1265 1380 1304 filium
1390 1297 1402 1314 ‚
1417 1267 1553 1319 utique
1568 1268 1606 1306 δι
1621 1269 1751 1319 potuit

495 1330 642 1370 patrem
659 1333 708 1360 eo
730 1320 886 1359 nomine
909 1318 1102 1366 habuiffe,
1126 1320 1232 1372 quod
1246 1320 1284 1358 in
1298 1320 1379 1360 eius
1391 1332 1557 1374 nepote,
1573 1319 1658 1361 filio
1679 1321 1751 1363 suo

494 1374 714 1412 renovavit.
734 1372 878 1413 GRON.

549 1427 640 1479 Pag.
659 1439 672 1464 ι
683 1439 742 1465 21.
755 1427 779 1466 l.
794 1427 831 1465 6.
848 1426 920 1466 Ζῶν
935 1425 1009 1473 st)
1032 1425 1133 1465 Idem
1151 1424 1274 1464 afferit
1290 1425 1330 1465 δι
1343 1425 1440 1466 Plut.
1455 1425 1548 1476 607,
1563 1442 1606 1475 2,
1620 1427 1680 1468 sed
1702 1429 1748 1469 de

492 1479 646 1519 duobus
665 1480 822 1519 Luciani
841 1481 970 1525 annis,
990 1480 1035 1518 ad
1054 1492 1132 1519 rem
1155 1479 1259 1518 suam
1281 1492 1364 1518 non
1385 1479 1608 1520 facientibus
1622 1513 1634 1530 ,
1657 1482 1749 1523 nihil

492 1533 618 1572 habet.
635 1533 760 1585 Quod
777 1532 862 1573 ideo
884 1532 1071 1580 observo,
1091 1534 1204 1585 quia,
1223 1534 1260 1572 ni
1283 1546 1343 1572 me
1362 1535 1548 1587 memoria
1569 1534 1687 1582 fallit,
1710 1537 1749 1577 id

490 1586 587 1625 inter
602 1600 692 1633 eos,
713 1587 781 1639 qui
801 1587 847 1626 de
866 1586 1042 1627 versione
1063 1587 1169 1627 LXX
1189 1586 1443 1640 Interpretum
1466 1588 1636 1641 litigant,
1651 1602 1750 1634 cone

490 1642 656 1679 troverti
678 1641 768 1680 vidi.
787 1640 944 1680 SOLAN.
1739 1677 1742 1683 .

542 1694 620 1732 ibid.
639 1694 768 1746 Δυοῖν)
789 1695 878 1733 Non
903 1693 1038 1746 sperno
1052 1694 1106 1732 Fl.
1126 1692 1348 1734 leelionem:
1368 1707 1454 1733 nam
1477 1694 1543 1734 Mo
1563 1694 1672 1750 saepe
1687 1697 1748 1738 in·

488 1746 708 1787 declinabile
730 1747 803 1796 est,
824 1760 866 1787 ut
881 1748 985 1787 Asin.
999 1760 1031 1786 c.
1048 1760 1072 1799 9
1087 1777 1098 1793 ,
1120 1746 1188 1786 δύο
1204 1746 1322 1799 μηρῶν
1341 1749 1510 1788 σπάσας.
1531 1750 1585 1788 At
1606 1750 1635 1789 fi
1656 1752 1745 1804 quis

486 1800 561 1839 hoc
577 1801 681 1840 aliter
697 1801 989 1841 construendum
1012 1801 1129 1848 velit,
1145 1801 1271 1840 videat
1286 1799 1431 1854 Aesop.
1455 1801 1529 1841 fab.
1549 1816 1637 1856 145,
1657 1806 1745 1845 ἀλεὲ

486 1854 621 1905 κτόρων
636 1854 702 1894 ἓὺο
717 1855 959 1908 μαχομένων.
974 1856 1097 1906 Long.
1111 1854 1204 1893 Past.
1219 1855 1259 1901 Ι,
1273 1869 1308 1905 ρ.
1321 1870 1338 1907 3
1350 1870 1387 1908 3,
1400 1854 1466 1894 sim
1479 1855 1585 1906 βοοῖν,
1598 1856 1666 1896 8230
1679 1873 1744 1898 κε-

484 1904 617 1957 ράτων,
632 1908 717 1947 ταῖς
739 1909 806 1948 &vo
821 1909 933 1962 χερσὶ
952 1908 1168 1958 λαβόμενος.
1190 1908 1328 1948 Noster
1341 1908 1468 1948 rursus
1490 1910 1602 1950 Alex.
1620 1923 1654 1951 c.
1671 1925 1714 1964 53
1727 1942 1743 1959 ,

485 1960 521 1999 ἐν
535 1961 600 2000 suo
616 1962 781 2007 βιβλίοις·
798 1962 838 2001 δι
861 1975 922 2015 55,
938 1963 1177 2015 στρατιώταις
1193 1961 1271 2001 δύο·
1287 1977 1308 2001 2
1322 1963 1416 2002 Ver.
1434 1962 1529 2002 Hist.
1549 1976 1583 2005 c.
1599 1964 1742 2017 37,δ“ὑο

482 2017 751 2066 πληρωμάτων.
765 2016 910 2055 Iterum
924 2016 1029 2054 Asin.
1048 2029 1062 2053 1
1073 2029 1110 2062 2,
1124 2015 1189 2054 sv'o
1203 2016 1383 2068 χόνδρους
1394 2015 1580 2061 λαβοῦσα.
1595 2018 1739 2061 REITZ.

533 2071 606 2107 ead.
622 2070 644 2107 l.
659 2069 693 2108 8.
708 2069 892 2117 Ἀὃελφῶν
909 2069 953 2109 Σὲ
968 2069 1200 2122 Φιλέταιρος)
1218 2070 1315 2109 Vide
1328 2069 1466 2122 Spanh.
1485 2084 1526 2122 5¹
1537 2073 1658 2123 1‚1qui
1673 2085 1739 2112 re-

479 2120 539 2160 &e
551 2123 735 2162 emendat.
750 2123 871 2163 Prave
884 2125 983 2162 enim
998 2132 1107 2162 antea
1121 2124 1160 2162 in
1180 2124 1361 2163 omnibus
1373 2123 1508 2164 nostris
1519 2124 1739 2179 libris-lege-

411 2198 418 2205 ·
479 2176 591 2214 batur
617 2176 805 2227 ἐιὲελφῶν.
829 2177 1046 2230 Φιλαίτερος
1075 2175 1142 2224 δὲ,
1171 2177 1334 2230 duplici,
1360 2188 1404 2237 ut
1431 2177 1563 2227 vides,
1586 2181 1741 2223 mendo.

477 2229 640 2321 8οεῑέῗῖἰὶ
656 2297 691 2335 9.
707 2283 944 2337 Φιλαϊτερος)
957 2283 1080 2335 Quod
1094 2283 1121 2323 s1
1135 2283 1274 2335 Spanh.
1291 2284 1336 2324 de
1350 2283 1414 2324 Us.
1430 2284 1471 2325 &
1482 2285 1613 2338 praest.
1629 2296 1735 2330 num.

474 2334 569 2374 Diff.
588 2337 707 2383 VIII,
723 2351 805 2389 pag.
826 2351 893 2388 51¹
914 2338 971 2377 ed.
993 2339 1111 2377 Lond.
1135 2339 1200 2378 vel
1224 2339 1389 2378 maxime
1410 2351 1490 2378 non
1507 2339 1733 2388 monuisset,

474 2391 695 2428 mutandum
725 2391 799 2431 hoc
821 2392 987 2431 nominis
1007 2393 1042 2430 in
1065 2394 1295 2443 Φιλέταιρος,
1318 2405 1444 2432 tamen
1460 2393 1536 2432 hoc
1551 2406 1598 2433 ex
1613 2393 1734 2436 strab.

471 2442 585 2493 XIII,
599 2458 636 2497 p.
654 2457 741 2498 595,
755 2446 919 2498 Appian.
935 2447 979 2486 de
992 2445 1078 2486 bell.
1095 2445 1180 2498 Syr.
1196 2459 1232 2499 p.
1250 2459 1343 2500 209,
1360 2445 1515 2500 aliisque
1535 2446 1735 2491 constaret.
