1835 3408
402 170 496 230 436
602 165 1468 215 ANNoTATloNEs

452 256 524 293 ead.
539 256 561 293 I.
574 254 609 294 6.
624 254 801 308 Ἀφηλιξ)
831 252 1054 318 Alciphr.1‚
1070 251 1184 316 Epist.
1199 254 1247 300 6,
1266 253 1380 293 etiam
1394 251 1663 305 comparativo

398 307 536 355 utitur,
558 306 739 348 scribens:
766 308 855 347 ἀλλ’
879 304 926 347 ὦς
947 307 1250 359 ἀφηλικέστερος,
1275 306 1341 346 καὶ
1356 307 1511 360 γυναικι
1531 306 1664 349 πάλαι

399 360 526 400 συνών.
554 360 699 399 ΚΕΗ-Ζ.

453 413 543 464 Pag.
554 427 616 462 72.
630 415 651 451 l.
672 427 703 452 1.
718 413 799 452 Κόθο
802 413 893 465 ρνον)
906 411 1208 452 Theramenem
1200 422 1250 450 ita
1261 410 1400 451 dietum
1413 409 1536 459 fuifl'e,
1555 422 1666 452 vete·

402 478 487 504 rum
502 467 609 505 multi
649 467 830 505 rodidere.
846 467 896 506 V.
909 466 1011 506 Suid.
1022 464 1203 516 &supra'
1207 469 1314 516 Ερωτ.
1326 477 1408 516 cap.
1427 477 1486 514 50.
1500 464 1662 505 SOLAN.

403 518 543 558 Pollux
558 480 645 566 Vll3
660 532 710 571 90
716 518 801 578 seq.
816 520 911 558 inter
922 531 1059 570 genera
1073 517 1336 564 calceorum‚‘
1323 535 1338 555 ο
1351 518 1396 556 s'e
1410 516 1590 570 κόθορνος
1576 519 1663 558 εκέι-

402 585 504 623 τερος
520 571 658 621 ἁμφοιν
671 587 747 611 τοιν
763 571 907 611 ποδοῖν.
930 571 1002 611 ὅθεν
1019 586 1083 609 και
1097 586 1162 610 τον
1179 571 1386 620 Θηραμένην
1407 569 1589 621 κόθορνον’
1575 572 1663 615 εκάε

403 636 506 669 λουν
523 624 589 663 ἒιέι
602 628 666 664 τον
678 638 761 676 περι
773 639 840 664 την
855 624 1052 664 πολιτείαν
1065 623 1350 682 ἁμφοτερισμὸν.
1378 622 1508 663 stn.

452 680 524 715 e1d.
538 678 560 714 l
580 692 613 729 3.
631 677 802 729 Λυποιην)
819 678 883 716 An
903 677 1080 723 Avo-lenm
1102 675 1209 727 quasl
1222 674 1376 716 δυσοωΓ
1360 675 1506 728 οἱνεμον.
1522 675 1663 718 Placet.

401 729 568 769 GUYET.
583 729 683 781 Quo
698 731 758 769 hic
779 730 995 782 respexerit,
1007 730 1147 769 ut&in
1161 729 1329 781 sequenti
1344 729 1561 780 exemplo,
1553 742 1664 782 igno·

400 794 517 822 ratur.
544 783 722 834 Legimus
734 784 835 833 apud
850 784 1051 823 Aelianum
1074 782 1119 822 de
1131 781 1319 822 Deotimo
1331 781 1553 822 Atheniensi
1565 813 1579 830 ,
1591 783 1660 835 qui

400 836 479 888 χώι
472 850 508 875 n
523 836 637 875 etiam
651 836 836 875 audiebat.
851 838 902 876 V.
920 837 970 877 H.
985 836 1118 884 11,41.
1136 835 1293 875 SOLAN.
1305 835 1417 887 Quid
1431 848 1500 882 rei,
1514 846 1580 875 aut
1591 849 1662 876 vo·

400 890 471 934 cis,
495 900 562 927 aut
582 889 730 929 formae
745 889 789 927 fit
815 889 961 936 λυπάη,
987 888 1112 929 nescio
1135 902 1180 928 an
1197 889 1330 940 aliquis
1354 900 1496 929 temere
1515 889 1662 931 dixerit.

399 942 497 981 Illud
514 941 600 982 satis
615 943 726 983 docet
741 942 924 982 orationis
945 954 1072 989 tenor,
1094 941 1276 995 postulari
1298 942 1422 995 primo
1437 954 1581 981 nomen
1598 955 1663 995 ap·

400 995 622 1047 pellativum
643 997 719 1044 rei,
743 1008 821 1035 non
844 996 1027 1044 hominis;
1052 995 1184 1035 deinde
1207 995 1281 1035 tale
1295 1007 1462 1041 nomen,
1485 995 1590 1048 quod
1612 997 1661 1036 ad

401 1048 692 1100 significandum
719 1049 912 1089 hominem
935 1049 1208 1088 turbulentarum
1222 1048 1435 1088 concionibus
1450 1059 1580 1100 aptum
1601 1048 1661 1090 fit.

401 1100 508 1140 Dum
524 1103 612 1155 quis
636 1103 768 1142 melius
789 1103 881 1154 quid
894 1103 956 1142 vel
973 1115 1020 1141 ex
1036 1102 1139 1141 libris
1150 1102 1213 1142 vel
1226 1115 1273 1141 ex
1288 1101 1444 1153 ingenio
1464 1100 1660 1154 proferat,

400 1153 573 1207 suspicari
590 1155 736 1203 licebit,
747 1154 852 1195 fuiffe
866 1169 888 1195 a
902 1155 1060 1195 Luciani
1076 1169 1190 1195 manu
1201 1155 1358 1195 λύσσαν.
1380 1154 1466 1207 Qui
1481 1155 1527 1194 ad
1541 1154 1660 1195 luxu-

400 1208 494 1248 riem
519 1187 761 1248 librariorum
782 1209 878 1249 circa
894 1209 1032 1249 duftus
1044 1210 1220 1261 geminati
1241 1207 1357 1260 sigma
1371 1207 1412 1247 δι
1429 1206 1562 1248 casus
1553 1221 1591 1247 m
1614 1223 1660 1250 οιν

400 1262 572 1307 attendit,
586 1262 621 1301 ei
635 1275 715 1302 non
731 1262 780 1301 im
786 1263 1004 1314 probabilis,
1018 1273 1128 1313 puto,
1145 1263 1216 1302 hac
1231 1273 1338 1314 parte
1351 1261 1571 1301 conieaura
1587 1274 1660 1301 no-

399 1313 474 1355 ssra
489 1315 695 1363 videbitur,
714 1329 831 1368 quam
846 1315 1013 1368 respeetu
1028 1314 1143 1368 ipsius
1166 1316 1218 1356 rei
1235 1315 1475 1354 commendat
1488 1314 1660 1355 similitu·

400 1368 474 1415 do,
499 1381 599 1421 quae
611 1368 808 1408 intercedit
837 1369 934 1408 inter
953 1369 1042 1409 illud
1058 1368 1197 1408 furoris
1208 1381 1350 1427 genus,
1373 1368 1480 1420 quod
1508 1368 1657 1410 λὺσο-οιν

400 1421 541 1462 Graeci
560 1433 722 1469 vocant,
746 1422 853 1475 quod
867 1435 1005 1474 nempe
1026 1422 1102 1461 levi
1123 1422 1271 1462 morsus
1286 1433 1354 1461 aut
1372 1421 1510 1461 salivae
1523 1433 1661 1463 conta-

400 1475 465 1527 gio
490 1475 796 1515 communicatur
818 1488 862 1516 ac
884 1474 1184 1524 transfunditur,
1211 1487 1325 1527 atque
1348 1475 1444 1514 inter
1467 1474 1660 1516 seditiosos

400 1529 597 1580 demagogi
615 1528 773 1568 alicuius
788 1540 853 1567 aut
872 1527 1170 1579 tribunificrores,
1184 1529 1322 1581 quibus
1334 1528 1491 1581 implere
1502 1528 1542 1568 δι
1552 1528 1658 1581 quafi

399 1580 555 1621 inficere
569 1581 677 1621 velut
689 1582 920 1634 contagione
943 1582 1108 1642 quadam
1127 1583 1221 1621 alios
1242 1581 1374 1622 solent.
1397 1543 1659 1635 Vid.ins1gnis

399 1634 509 1674 locus
519 1633 629 1686 supra
645 1635 791 1688 Nigrin.
806 1649 838 1675 c.
857 1634 929 1687 383
944 1635 982 1674 it.
992 1634 1136 1675 aliusin
1148 1634 1223 1675 fine
1237 1634 1565 1688 Philopseudis,&
1581 1647 1657 1676 ter-

399 1687 525 1727 tiusin
537 1686 744 1753 Philopatr.
758 1702 790 1728 c.
806 1703 864 1727 22.
885 1688 1010 1731 GESN.

452 1744 525 1780 ead.
545 1742 567 1779 l.
582 1757 617 1790 4.
633 1740 674 1780 ‘O
689 1741 733 1781 δὲ
747 1741 972 1792 Ἕβὲὁμην,’
957 1756 1012 1782 οτι
1038 1737 1162 1793 ὅσοι-ες
1185 1741 1215 1781 οἱ
1234 1740 1401 1782 oraTsec'
1385 1756 1420 1782 εν
1433 1740 1524 1781 ταῖς
1545 1740 1657 1788 ἑβδό-

397 1808 508 1844 μαις,
526 1793 694 1842 κάκεῖνος
714 1795 750 1835 ἐν
770 1795 858 1834 mre
872 1794 1088 1836 ἐκκλησίαις
1108 1794 1259 1847 ἔπαιζε)
1279 1795 1489 1848 Interpres:
1517 1795 1656 1847 Rursus

398 1848 491 1886 alius
511 1847 745 1894 Hebdomam,
771 1851 862 1901 quod
880 1848 1014 1901 perinde
1029 1860 1128 1901 atque
1145 1848 1243 1900 pueri
1259 1847 1414 1900 septimis
1440 1846 1577 1896 dubus,
1599 1849 1656 1888 ille

396 1901 496 1939 etiam
510 1900 545 1939 in
560 1902 772 1940 concionibus
783 1903 916 1940 luderet.
938 1903 1024 1942 Hae
1043 1901 1221 1954 septimae
1232 1902 1309 1941 dies
1325 1915 1401 1941 non
1417 1901 1502 1951 sunt
1522 1900 1654 1942 sabba-

396 1964 455 2002 ta,
478 1966 644 2006 quorum
659 1954 816 1994 Sueton.
835 1956 872 1994 in
892 1955 981 1995 Tib.
996 1956 1187 1995 meminit.
1208 1957 1381 2007 Diogenes
1402 1955 1654 1995 Grammaticus

395 2007 564 2060 disputare
571 2008 725 2059 sabbatis
743 2009 1000 2061 Rhodifhlitus,
1015 2010 1210 2056 venientem,
1226 2008 1312 2060 utse
1320 2022 1416 2048 extrz
1428 2009 1572 2048 ordinem
1586 2024 1654 2048 au·

395 2061 570 2110 diret,non
585 2062 784 2113 admiftrat:
803 2077 844 2101 ac
857 2077 920 2115 per
924 2062 1101 2114 servulum
1109 2063 1234 2114 suum
1222 2078 1257 2101 ιη
1260 2062 1299 2114 s
1283 2075 1437 2115 ptzmum
1449 2063 1534 2102 diem
1548 2063 1652 2115 distu-

395 2115 492 2163 lerat,
513 2125 556 2154 ut
571 2115 759 2154 existimat
773 2116 835 2156 vir
854 2128 1036 2168 magnus:
1060 2115 1120 2156 sed
1143 2115 1204 2167 sep
1208 2116 1322 2155 timos
1340 2116 1419 2156 dies
1441 2114 1652 2155 cuiuscun-

394 2181 471 2218 que
494 2167 648 2214 mensis,
667 2181 768 2220 quos
784 2169 1034 2208 hebdomades
1046 2169 1158 2208 lunae
1170 2130 1264 2209 dixit
1278 2168 1426 2209 Gellius
1438 2169 1530 2216 XV,
1543 2183 1578 2209 2.
1594 2169 1650 2210 llli

393 2221 470 2260 dies
484 2220 573 2261 sacri
592 2222 907 2274 erantApollini
928 2223 1017 2273 quia
1030 2223 1183 2274 septima
1203 2223 1292 2262 luna
1303 2222 1574 2285 Thurgalionis
1584 2235 1651 2262 na.

394 2283 458 2313 tus
471 2286 573 2320 erat
589 2285 630 2313 ut
641 2275 787 2315 constat
803 2289 850 2315 ex
865 2276 1058 2315 Hesiodo
1049 2290 1088 2314 m
1103 2275 1222 2329 ἔργοις
1237 2276 1299 2314 και
1316 2290 1385 2326 ημε
1377 2276 1486 2329 ’ροιις,
1500 2290 1542 2315 ν.
1557 2288 1649 2326 770.

395 2328 495 2366 Vide
518 2328 568 2366 ibi
588 2328 778 2368 Proclum.
802 2329 1004 2369 Convivia
1022 2341 1102 2369 tum
1118 2329 1332 2381 agitabant,
1357 2330 1397 2369 &
1419 2341 1526 2381 pueri
1539 2329 1650 2369 lude-

394 2380 498 2419 bant.
513 2380 700 2432 Septimus
712 2395 868 2434 quoque
879 2383 954 2422 dies
966 2382 1048 2435 post
1062 2394 1193 2422 recens
1206 2393 1336 2422 natum
1349 2382 1532 2421 infantem
1548 2394 1571 2421 a
1583 2394 1650 2434 pa-

393 2434 514 2474 tribus
533 2433 694 2476 familias
711 2436 983 2487 celebrabatur,
1007 2437 1150 2490 quippe
1170 2449 1250 2491 quo
1265 2436 1457 2478 nomen-ei
1472 2436 1650 2490 impones
