1783 3403
303 237 371 282 IN
404 234 732 284 ADVERSUS
768 234 1132 285 INDOCTUM.
1269 255 1353 302 373

87 323 183 378 we)
211 323 283 366 dici
309 324 646 367 observaverimus
669 325 718 364 ab
743 324 929 377 Hippocr.
950 324 996 364 de
1019 325 1139 364 diaeta
1162 324 1200 373 1,
1225 339 1268 378 9,
1300 341 1357 374 17.

90 378 220 419 GESN.
242 378 318 419 Τῶν
339 378 533 419 Μουσικῶν
554 378 680 419 τοῦτο·
695 379 754 418 sic
773 379 843 419 διὰ
858 378 1021 431 ποια-ῶν)
1049 379 1260 431 Vulgarum
1289 381 1359 420 τῶν

87 432 220 471 Μυσῶν
243 432 318 472 &c.
339 445 418 472 non
433 432 507 474 esse
522 432 677 479 sanum,
697 433 883 485 Guyetus
901 445 1062 485 quoque
1081 433 1357 474 animadverte-

89 497 151 524 rat
162 516 174 532 ‚
187 498 267 525 non
284 499 380 526 vero
395 486 463 539 qui
475 486 695 526 sanandum.
712 486 784 526 Sed
796 487 870 526 iam
884 487 1042 526 inventa
1055 488 1214 526 veritate
1230 487 1278 525 ab
1290 488 1358 527 So-

88 538 168 579 lan.
179 539 220 578 &
231 539 406 580 Gesnero
422 541 504 580 aliis
516 540 746 580 conieEIuris
767 554 846 580 non
869 541 1093 593 indigemus.
1121 539 1302 592 Cumque
1317 541 1357 581 δε

88 591 248 632 Weffel.
263 595 300 633 in
313 593 477 634 observ.
494 609 533 647 p.
547 607 609 648 35,
625 595 760 634 eodem
775 594 892 634 modo
907 594 1183 634 emendandum
1206 595 1356 641 viderit,

89 642 255 696 ἄμουσος
272 646 418 694 forem,
445 647 474 687 si
494 649 549 688 his
569 649 661 688 viris
682 661 762 687 non
786 648 1053 689 auscultarem.
1082 649 1298 687 Habuimus
1322 649 1357 687 id

89 701 295 750 proverbii
309 700 419 754 supra
434 702 471 740 in
488 703 533 742 de
548 703 715 742 Merced.
729 701 853 742 Cond.
871 716 954 756 cap.
975 716 1034 748 ιι,
1057 702 1121 741 ubi
1135 702 1179 741 ad
1194 702 1356 742 Ptolem.

89 753 282 795 Hannon.
302 755 435 795 remisi.
452 756 549 795 Item
567 757 606 795 in
624 755 816 796 Prometh.
829 769 860 797 c.
875 758 909 797 6.
934 757 980 796 Et
994 757 1030 795 in
1045 755 1198 808 Quom.
1213 755 1309 796 Hist.
1323 769 1355 795 c.

85 819 128 866 χ.
145 807 417 902 Εεῐξκροίὶωω
431 809 486 850 est
498 810 544 850 de
556 809 702 851 summa
715 809 906 859 distantia,
922 812 1167 863 maximaque
1180 809 1356 850 differen-

87 869 155 900 na.
219 873 321 902 urz.

143 917 218 955 ead.
230 918 253 956 I.
270 930 305 969 5.
321 914 391 956 Τοῦ
406 917 566 970 Πύῤῥου)
587 916 761 969 Pyrrhus
777 917 998 957 Alexandro
1019 917 1157 956 fimilis.
1184 917 1356 958 Gom-Tr,

144 973 216 1009 ead.
230 971 255 1009 l.
271 984 286 1010 1
296 970 348 1010 2.''
355 975 524 1011 Επαιυοεν
536 969 650 1012 αὐτον
664 972 729 1012 τῆς
743 971 905 1024 κορύζης)
924 971 1053 1023 Obesaej
1063 972 1172 1018 naris,
1183 972 1355 1024 itemque

88 1032 230 1062 contra
248 1036 293 1064 ea
310 1028 476 1064 munnae
493 1026 589 1064 naris
608 1026 783 1066 homines
796 1056 807 1073 ,
831 1026 938 1064 simili
961 1026 1208 1065 translatione
1224 1026 1354 1066 dicunt

88 1074 229 1118 Latini.
244 1078 315 1118 Sed
328 1079 478 1130 κόρυζοιν
493 1078 577 1119 satis
591 1080 636 1119 ad
650 1080 811 1120 verbum
827 1081 982 1119 reddere
999 1093 1090 1119 num
1104 1080 1213 1119 liceat
1223 1111 1234 1128 ‚
1248 1080 1355 1118 dubi-

88 1139 146 1169 to.
167 1130 480 1185 Frequentiffime
497 1134 634 1173 ludunt
646 1134 685 1173 in
706 1135 780 1174 hoc
796 1135 918 1174 verbo
934 1133 1074 1174 Graeci
1093 1134 1139 1173 ad
1157 1133 1358 1173 infantiam

88 1186 397 1236 exprobrandam
411 1187 451 1226 δι
463 1188 697 1240 ἀβελτερίαν.
719 1186 1027 1240 Antiquiffimam
1043 1187 1117 1227 effe
1134 1201 1217 1227 eam
1239 1189 1353 1228 ratio-

88 1249 178 1277 nem
191 1269 204 1285 ,
219 1239 379 1281 ostendit
394 1240 499 1281 Plato
512 1272 524 1288 ,
544 1242 645 1295 apud
660 1255 775 1295 quem
789 1242 833 1281 de
847 1241 944 1294 Rep.
960 1241 994 1286 Ι,
1014 1255 1048 1294 ρ.
1070 1242 1147 1290 416
1158 1240 1204 1280 C.
1228 1242 1353 1281 Thra-

84 1289 296 1343 symachus
312 1294 512 1335 Socratem
529 1295 578 1336 s1c
600 1295 761 1349 superbe
776 1297 934 1341 tra&at‚
957 1295 1039 1335 Τιθίι
1057 1310 1112 1334 σοι
1134 1295 1219 1334 ἐστι’
1230 1309 1241 1342 ;
1263 1308 1352 1335 cum

85 1345 331 1398 respondisset
350 1347 523 1389 Socrates
534 1350 576 1390 τί
586 1349 633 1389 ὃέ
644 1364 656 1397 ;
680 1349 809 1389 ὅτῖτοι
826 1348 885 1395 οὲ,
898 1349 1034 1401 inquit,
1056 1347 1262 1398 κορυζῶντα
1283 1363 1353 1387 πε-

88 1399 200 1452 ριορᾷ,
222 1402 288 1441 καὶ
302 1398 366 1442 οὐκ
378 1401 592 1453 ἀπομύττει
604 1403 791 1455 ἒεὸμενον.
808 1403 879 1443 Sed
895 1403 989 1442 haec
1009 1401 1263 1454 copiofflfime
1277 1404 1353 1441 iarn

86 1453 180 1493 olim
199 1455 241 1497 ὃ(
255 1469 396 1509 magno
411 1467 596 1510 apparatu
613 1456 917 1497 Hemiierhusius
931 1458 968 1496 in
979 1456 1137 1509 dialogis
1153 1456 1285 1495 Nostri
1300 1455 1353 1495 se-

87 1505 194 1548 leffls
206 1523 239 1562 p.
253 1525 274 1549 2
284 1525 315 1561 5.
328 1509 455 1551 GESN.
469 1510 590 1564 Supra
603 1511 707 1551 Dial.
729 1512 850 1551 Mort.
868 1511 942 1551 XX
955 1542 966 1559 ‚
982 1511 997 1561 §
1010 1527 1049 1559 4,
1063 1509 1274 1561 κενοδοξία,
1289 1510 1353 1549 καὶ

87 1561 214 1611 τύφος,
229 1565 293 1604 καὶ
307 1564 432 1604 πολλὴ
449 1565 593 1618 κόρυζα.
608 1566 654 1605 Et
664 1565 764 1605 Dial.
775 1564 876 1615 1V‚§
893 1579 932 1611 2,
946 1563 1092 1616 κορύζης
1101 1563 1170 1614 μὲν
1181 1563 1247 1603 τὴν
1258 1563 1352 1614 ῥῖνα,

88 1614 209 1666 mium
223 1617 269 1658 ἑὲ
280 1617 367 1658 τοὺς
376 1618 580 1670 ὀφθαλμοὺς
592 1621 698 1660 ὂντα.
721 1620 799 1659 Ubi
812 1617 1024 1659 Hemsterh.
1047 1619 1122 1657 hoc
1138 1619 1274 1670 paucis
1289 1631 1354 1657 ex·

86 1671 215 1722 ponit,
226 1673 456 1725 promittens
468 1672 504 1713 se
516 1675 799 1725 opportuniore
809 1673 900 1714 loco
914 1673 1024 1725 plura
1036 1673 1213 1711 daturum
1225 1686 1237 1720 3
1253 1672 1354 1712 unde

87 1726 270 1776 conficio,
283 1739 372 1767 eum
385 1727 422 1766 h.
436 1727 459 1766 l.
472 1728 507 1767 id
517 1728 692 1768 aaurum
706 1727 811 1767 fuiffe
822 1741 834 1776 3
847 1740 936 1767 cum
953 1727 1046 1766 loco
1062 1726 1190 1777 priore
1203 1738 1282 1765 non
1297 1738 1354 1766 re·

86 1779 260 1831 petierit,
281 1794 380 1834 quae
394 1780 505 1835 super
519 1781 639 1834 κορύζῃ
655 1781 811 1835 copiose
828 1781 974 1821 deditin
989 1782 1047 1820 ed.
1060 1779 1263 1832 Dialogor.
1277 1780 1354 1820 Lu·

87 1832 187 1873 ciani
206 1835 375 1882 minore,
393 1849 430 1888 p.
447 1848 571 1876 notar.
587 1851 692 1885 24—
706 1849 766 1889 30.
785 1836 840 1875 At
860 1849 947 1876 cum
964 1834 1003 1874 δι
1022 1835 1109 1874 alibi
1125 1833 1263 1874 fimiles
1285 1834 1352 1872 mi·

88 1887 197 1926 noris
216 1889 274 1928 ed.
295 1888 585 1930 observationes
605 1903 686 1930 non
701 1890 827 1930 recudi
850 1890 893 1928 ἰη
912 1890 1032 1929 hacce
1045 1888 1211 1933 curarit,
1234 1887 1354 1927 nolim

88 1939 166 1979 iam
179 1941 286 1981 istam
301 1956 432 1983 notam
448 1956 523 1983 tarn
537 1944 690 1997 longam
705 1944 778 1984 huc
792 1942 1066 1996 inserere,quia
1082 1940 1353 1994 praescriptum

41 2017 48 2024 -
88 1991 274 2036 foliorum
286 2010 496 2037 numerum
509 1999 692 2039 excedere
706 2011 785 2038 non
801 1998 892 2038 licet
902 2028 913 2045 ,
928 1997 969 2037 δι
983 1997 1100 2036 altera
1113 1996 1227 2035 editio
1243 1996 1354 2047 pluri-

89 2062 246 2090 morum
261 2053 298 2091 in
312 2052 484 2092 manibus
499 2051 681 2092 versatur.
705 2053 793 2092 Hoc
813 2050 934 2091 solum
952 2062 1120 2104 repetam
1133 2081 1144 2097 ,
1171 2050 1262 2102 prae
1273 2049 1356 2089 aliis

87 2102 305 2145 Lucianum
321 2106 445 2157 κορύζῃ
464 2120 536 2160 pro
540 2107 688 2161 stultitia
706 2105 926 2158 frequenter
939 2106 1010 2151 uti,
1023 2114 1066 2144 ut
1082 2114 1230 2156 praeter
1245 2102 1354 2154 supe-

87 2157 209 2208 riora,
225 2160 272 2200 de
283 2160 402 2200 Mor-t.
418 2160 567 2213 Peregr.
584 2160 651 2201 sub
664 2160 743 2200 init.
757 2161 795 2199 &
810 2161 849 2199 in
866 2159 1002 2212 Navig.
1020 2158 1036 2208 §
1051 2172 1097 2208 45
1111 2157 1190 2196 διε.
1204 2157 1353 2196 Rmz.

146 2213 237 2265 Pag.
252 2228 312 2254 22.
327 2215 352 2254 l.
372 2227 431 2263 14.
455 2215 492 2254 Εἰ
512 2214 696 2262 βασιλεὺς
707 2213 840 2267 μάθοι)
857 2214 1013 2253 Marcus
1026 2212 1253 2252 Antoninus
1270 2210 1356 2250 Phi-

90 2264 289 2320 losophus.
310 2267 478 2309 Gom.

150 2321 238 2372 Pag.
252 2335 313 2375 23.
326 2322 351 2362 b.
365 2337 423 2375 13.
438 2322 601 2376 Βάσσος)
611 2322 675 2362 De
683 2322 851 2375 quodam
861 2319 972 2360 Baffo
989 2320 1149 2371 legimus
1160 2317 1260 2370 apud
1273 2317 1356 2356 Phi-

87 2373 287 2414 lostratum
306 2389 391 2430 pag.
410 2376 482 2416 166
495 2407 506 2422 ,
530 2378 571 2417 &
591 2377 636 2416 ad
657 2389 773 2429 quem
786 2374 985 2427 Apollonii
997 2373 1185 2426 Epistolae
1206 2371 1356 2412 exstant

91 2428 271 2469 XXXVI
290 2429 332 2470 &
355 2430 588 2476 XXXVIII,
604 2430 645 2470 δι
659 2431 759 2484 apud
776 2429 927 2470 Suidam
941 2459 953 2475 ,
977 2428 1036 2468 sed
1052 2428 1146 2467 alius
1161 2427 1191 2466 is
1204 2427 1355 2466 videtur

90 2483 140 2522 ab
151 2495 214 2531 eo,
222 2484 288 2536 qui
301 2484 359 2525 hic
370 2497 543 2525 notatur:
558 2486 602 2524 de
612 2485 686 2524 hoc
700 2485 774 2524 vid.
784 2483 901 2524 Ovid.
911 2482 1022 2523 Trist.
1032 2481 1081 2530 11,
1093 2495 1182 2532 417.
1196 2480 1354 2520 SOLAN.

86 2535 302 2579 Variorum
323 2539 478 2594 quidem
497 2538 698 2580 Bassorum
719 2538 891 2580 meminit
911 2537 1036 2632 Τεελὶὶῐ.
1056 2536 1217 2584 nullius,
1237 2547 1353 2587 quem

1036 2603 1059 2630 a
1087 2605 1113 2639 4
