1835 3408
436 90 526 150 iffi
632 80 1512 131 ANNOTATioNEs

431 173 519 213 satis
542 173 706 213 constat.
731 172 835 212 Cum
861 182 990 211 tamen
1016 170 1085 222 ipsi
1107 169 1312 210 Christiani
1339 184 1484 210 nomen
1508 171 1644 212 &ixa-05
1667 172 1716 212 cie

432 227 506 266 suis
528 228 812 267 conventicuiis
836 239 918 266 non
949 223 1188 277 respuerint,
1207 225 1392 277 principem
1413 226 1606 277 Ecclesiae,
1630 225 1714 265 five

431 281 642 335 Episcopum
660 280 824 320 voluiffe
835 310 848 326 ,
861 291 961 318 vero
976 277 1143 318 absimile
1157 291 1236 317 non
1250 279 1314 318 est.
1333 281 1591 333 Συνοιγωγεὺς
1611 279 1712 319 idem

432 335 553 376 ferme
571 336 607 375 ei
630 335 697 375 sub
713 335 788 374 alio
805 335 960 373 nomine
974 332 1157 385 designat.
1175 333 1334 372 SOLAN.

488 391 562 428 ead.
586 390 610 428 l.
628 403 687 441 13.
707 390 845 427 Πάντα
863 385 994 439 μόνος)
1009 385 1214 435 1[Ἄκεετυιπ
1236 387 1280 425 ad
1297 387 1449 426 Petrom
1464 385 1639 440 Apparet
1660 398 1713 426 ex

433 443 510 483 hoc
531 442 722 495 Dialogo,
744 441 881 480 frustra
900 452 968 479 eos
986 438 1082 485 effe,
1101 441 1166 492 qui
1187 440 1399 479 Lucianum
1416 440 1588 480 nostrum
1614 452 1714 480 con·

431 496 598 538 tendunt
618 498 712 536 oiim
734 493 841 534 fuiffe
861 493 1130 534 Christianum.
1148 494 1324 533 BOURD.
1345 494 1517 546 Alcipbr.
1533 493 1573 533 ΙΙ
1588 524 1599 542 ,
1617 509 1654 541 3,
1674 507 1716 546 pi.

435 553 538 605 236,
555 551 638 602 ἐγὼ
660 552 738 603 γᾶς
766 544 881 589 αὐτῆς
908 547 985 597 εἰμι
1007 547 1152 586 πάντα..
1179 548 1258 587 Ubi
1279 547 1405 600 Bergl.
1430 548 1540 600 plura
1562 547 1712 588 similia.

432 602 507 645 Sed
522 605 726 644 habuimus
739 602 854 641 etiam
871 601 971 653 apud
991 600 1175 640 Nostrum
1194 602 1230 640 in
1243 601 1458 654 Tyrannic.
1471 614 1503 641 c.
1517 616 1553 650 4.
1567 601 1715 644 REI-rt.

488 659 570 698 ibid.
587 658 662 697 Τῶν
685 655 848 708 βίβλων)
870 656 975 695 Hinc
994 654 1114 700 disce,
1144 666 1291 708 quanta
1311 656 1564 695 veneratione
1585 654 1719 695 sacros

436 723 518 751 tum
535 710 859 763 prosequerentur
875 709 1015 756 libros,
1030 709 1170 761 quibus
1187 709 1417 761 explicandis
1431 721 1507 748 tam
1523 708 1713 762 insignem

434 765 491 805 sui
515 765 645 805 cultus
668 776 836 817 partem,
865 774 907 802 ut
927 764 990 802 vel
1016 763 1150 802 alienis
1173 776 1232 802 res
1263 762 1520 803 innotesceret
1535 792 1547 811 ,
1565 764 1713 803 tribue⁴

435 831 533 860 rent.
568 818 630 858 De
648 820 763 869 sacris
782 818 887 856 enim
910 832 986 856 cum
1007 817 1149 863 veteris,
1173 829 1243 856 tum
1270 818 1351 856 novi
1376 817 1572 871 Testamenti
1591 818 1715 865 libris,

435 874 513 914 hoc
527 873 815 925 intelligendum
834 871 990 910 minime
1004 870 1165 910 dubium
1183 871 1302 910 videri
1318 871 1441 911 debet.
1455 871 1526 919 At,
1543 871 1714 924 inquies,

437 927 546 966 nullo
569 926 780 966 discrimine
798 924 918 965 libros
935 923 1129 977 Peregrini
1149 924 1264 976 ipsius
1281 938 1374 965 mox
1392 925 1451 964 his
1464 937 1715 972 annumerat,

436 993 528 1020 cum
549 981 674 1028 addit,
704 981 738 1020 6³
763 981 806 1018 ab
826 995 863 1019 eo
885 979 1008 1017 multos
1032 978 1195 1031 scriptos.
1217 979 1328 1031 Quid
1353 980 1513 1028 mirum,
1532 978 1561 1018 si
1579 980 1643 1019 vir
1661 979 1712 1019 ab

437 1035 495 1074 his
519 1034 630 1075 sacris
647 1033 802 1086 prorsus
822 1033 971 1072 alienus
990 1032 1188 1072 discrimen
1212 1034 1302 1072 iilud
1318 1031 1531 1086 ignorarit?
1556 1033 1640 1074 Nec
1654 1044 1718 1073 ta·

437 1101 527 1128 men
541 1090 677 1128 eodem
693 1088 784 1127 ioco
804 1100 826 1126 a
845 1086 1066 1127 Christianis
1084 1086 1234 1127 habitos
1254 1086 1386 1127 diserte
1400 1088 1472 1126 ait:
1497 1099 1565 1126 aut
1577 1116 1588 1135 ‚
1610 1086 1637 1126 sl
1656 1087 1715 1127 di-

437 1153 541 1183 ceret
557 1173 568 1191 ,
593 1153 669 1181 tam
704 1141 886 1194 imperito
909 1141 1044 1180 harum
1078 1154 1205 1180 rerum
1234 1141 1345 1181 facile
1373 1142 1604 1181 credendum
1626 1139 1716 1185 fuit.·

437 1197 576 1236 Libros
597 1210 617 1236 a
631 1195 668 1236 se
693 1195 934 1247 conscriptos
952 1195 1197 1248 Peregrinus,
1215 1195 1290 1236 hoc
1314 1196 1438 1248 palam
1460 1194 1648 1242 auftore,
1667 1206 1714 1236 ut

438 1250 530 1291 suos
559 1251 696 1298 edidit3
729 1263 825 1296 nec,
850 1249 879 1288 fi
911 1261 984 1302 pro
1008 1249 1122 1288 sacris
1152 1249 1362 1289 obtrudere
1393 1248 1602 1297 voluiffet,
1631 1260 1714 1290 tam

436 1304 644 1345 oscitanter
677 1304 777 1344 circa
802 1304 869 1342 has
891 1315 952 1342 res
972 1302 1221 1342 versabantur
1247 1302 1474 1350 Christiani,
1495 1304 1593 1356 quin
1616 1316 1713 1344 mox

437 1358 610 1398 fraudem
627 1358 668 1398 δι
683 1357 823 1397 sensuri
839 1355 1011 1404 fuissent,
1025 1356 1079 1405 δι,
1104 1368 1149 1396 ut
1164 1370 1232 1410 par
1249 1369 1332 1396 erat
1344 1387 1355 1404 ,
1378 1357 1594 1410 respuituri.
1607 1358 1713 1398 Nam

436 1412 546 1465 quod
568 1413 663 1451 liber
684 1424 785 1451 unus
809 1422 874 1450 aut
897 1411 992 1449 alter
1006 1410 1052 1450 ad
1073 1422 1227 1463 tempus
1247 1411 1300 1451 eis
1317 1425 1389 1464 pro
1405 1412 1511 1452 sacro
1528 1412 1712 1452 obtrusus

439 1465 493 1505 est
508 1496 519 1514 ,
537 1466 656 1518 paulo
672 1465 782 1517 post,
806 1478 847 1504 re
873 1465 943 1503 rite
968 1465 1014 1503 ad
1039 1477 1205 1504 examen
1231 1476 1441 1514 revocata,
1458 1465 1622 1506 reieelos
1640 1465 1713 1507 sci·

438 1532 551 1567 mus;
573 1533 644 1559 nec
669 1532 903 1571 quemquam
929 1518 965 1557 in
992 1518 1192 1558 Canonem
1213 1519 1407 1560 admissum
1421 1548 1434 1569 ,
1458 1520 1506 1560 de
1522 1533 1605 1574 quo
1627 1531 1713 1561 non

439 1573 590 1613 abunde
607 1574 781 1612 divinum
805 1572 879 1612 effe
895 1572 1097 1612 conflaret.
1112 1572 1272 1612 δοῖ-ΑΝ.
1491 1587 1493 1590 ·

494 1629 569 1666 ead.
585 1627 610 1665 l.
627 1640 686 1678 15.
709 1627 778 1665 Καὶ
794 1622 839 1665 ὡς
853 1630 939 1666 θεὸν
953 1623 1039 1665 αὐτ.
1052 1626 1106 1665 ἑκ.
1121 1625 1297 1680 ἦγσῦντο)
1312 1626 1461 1667 Ultima
1474 1640 1559 1668 vox
1573 1641 1622 1668 ex
1634 1627 1712 1670 Mst

438 1680 489 1720 R.
511 1681 562 1721 G.
584 1680 658 1721 est:
678 1693 814 1720 omnes
829 1681 931 1720 enim
957 1680 1121 1732 impreffi
1145 1680 1385 1734 ἐΣιηγοῦντο,
1406 1693 1602 1736 corrupte.
1631 1682 1712 1723 Ge-

437 1735 598 1774 nuinam
621 1734 721 1780 effe,
742 1748 858 1787 quam
885 1733 1094 1786 sequimur,
1117 1733 1362 1788 scripturam,
1390 1747 1438 1776 ex
1463 1735 1713 1789 sequentibus

439 1800 559 1841 patet.
575 1789 730 1828 Putavit
745 1790 846 1828 enim
867 1788 963 1828 levis
982 1789 1215 1838 homuncio,
1235 1789 1474 1830 Christianae
1493 1790 1581 1831 fidei
1601 1803 1712 1843 pror-

437 1842 502 1882 sus
523 1844 702 1896 ignarus,
723 1855 860 1882 omnes
884 1855 907 1881 a
925 1842 1146 1882 Christianis
1169 1857 1242 1897 pro
1262 1843 1347 1883 Diis
1372 1844 1524 1893 cultos,
1548 1845 1617 1898 qui
1649 1858 1712 1885 re-

438 1897 592 1950 ligionis
614 1897 703 1936 suae
725 1897 900 1936 strenuos
920 1896 956 1936 se
981 1907 1156 1949 gererent
1181 1898 1405 1947 affertore53
1423 1899 1512 1952 quia
1531 1899 1712 1940 conditos

438 1965 521 1991 rem
545 1952 627 1991 eius
644 1951 839 1991 Christum
863 1951 1014 1990 adorari
1036 1952 1084 1990 ab
1106 1952 1151 1990 iis
1174 1964 1417 2004 compertum
1435 1964 1526 1992 erat.
1546 1952 1645 2005 Qua
1667 1954 1708 1994 in

438 2018 481 2045 re
500 2006 600 2045 ratio
619 2018 707 2045 eum
724 2005 764 2045 δε
777 2004 1001 2045 ςοηῐεᾶιπει
1027 2006 1167 2044 mirum
1182 2017 1369 2059 quantum
1389 2005 1533 2047 fefellit.
1551 2007 1710 2049 SoLAN.

493 2060 573 2099 ibid.
597 2059 741 2100 Ἐκεῖνοι
758 2058 1004 2113 ἑὸιηγοῦντο)
1027 2059 1199 2100 Restitue
1214 2060 1263 2100 ad
1281 2059 1394 2101 fidem
1416 2060 1490 2101 Ms.
1507 2061 1556 2101 R.
1573 2059 1709 2115 ἦγοῦν·

439 2129 496 2154 το.
518 2114 597 2154 Res
613 2127 681 2167 per
703 2114 739 2154 se
758 2125 873 2167 patet.
894 2112 1053 2153 FABER.

496 2166 589 2220 Pag.
607 2182 696 2220 279.
712 2170 736 2207 l.
755 2182 787 2208 1.
810 2168 1034 2219 Προστέιτην
1051 2167 1291 2223 ἐπέγραφον)
1303 2168 1401 2209 Veri
1415 2168 1479 2208 hic
1494 2168 1634 2222 aliquid
1650 2169 1710 2210 dii

440 2220 545 2261 &um
565 2233 674 2272 puto.
691 2222 761 2262 Sed
780 2235 866 2262 cum
892 2221 1114 2262 Christianis
1134 2223 1213 2263 fere
1229 2224 1362 2276 ignota
1376 2222 1422 2262 sit
1436 2236 1519 2262 vox
1535 2223 1709 2276 προστά-

440 2289 526 2321 της,
549 2276 748 2326 deceptum
763 2277 880 2316 credo
896 2276 1105 2316 Lucianum
1122 2278 1344 2328 προστάτην
1360 2276 1541 2317 audiviffe
1553 2309 1566 2326 ,
1588 2290 1707 2331 quem

440 2329 495 2368 illi
519 2330 750 2380 προεστῶτα
771 2332 966 2379 dixeran13
988 2344 1069 2383 quo
1094 2331 1210 2371 titulo
1234 2330 1432 2384 insignitos
1453 2331 1591 2371 scimus
1608 2332 1706 2372 iilius

442 2384 575 2424 aetatis
586 2383 809 2438 Episcopos.
825 2385 1039 2426 Retinenda
1056 2385 1186 2439 itaque
1206 2386 1364 2440 vulgata
1375 2384 1558 2440 scriptura
1570 2415 1582 2436 ,
1599 2385 1627 2426 fi
1640 2399 1709 2440 ge-
