1783 3403
195 242 264 290 IN
299 243 632 292 DIALOGOS
672 245 1113 297 IxOERETRICIOS.
1208 262 1297 319 523·

34 331 209 387 ciphr.1‚
231 346 296 386 37,
309 347 348 385 p.
368 334 442 373 168
454 365 465 382 ‚
482 335 548 373 ubi
564 335 609 373 de
625 335 699 374 hoc
712 334 876 374 artificio
890 335 999 388 plura
1011 338 1133 390 Bergl.
1149 338 1301 384 REITZ.

87 388 159 425 ead.
175 387 199 426 l.
221 388 465 427 16.”Απαντα
478 388 613 440 ἐποίει)
631 387 693 428 De
708 390 814 428 irrito
832 401 975 433 conatu
986 405 998 438 3
1018 404 1059 430 ut
1074 394 1175 444 apud
1190 394 1296 432 Mar-

33 439 160 478 tialem
175 469 188 486 ‚
206 441 320 479 omnia
342 457 416 480 cum
427 440 524 492 fecit.
547 441 721 480 BOURD.

90 494 183 545 Pag.
211 507 298 546 233.
327 495 352 532 l.
381 507 395 532 1
410 507 439 532 1.
463 495 675 546 ΔΟΡΚΑΣ)
703 494 805 534 Cum
830 507 997 548 quatuor
1020 507 1168 536 tantum
1191 499 1298 547 illas,⁴

35 558 132 595 quas
149 548 399 596 exhibemus,
416 548 594 600 personas
609 549 772 588 habeant
785 550 866 589 edd.
885 551 1052 601 optimae
1066 581 1075 596 ‚
1100 551 1141 590 &
1162 553 1198 590 in
1213 553 1297 604 ipso

33 597 207 652 Dialogo
230 613 310 640 non
339 613 538 653 appareat,
562 603 656 640 duas
680 603 833 642 ancillas
865 606 1038 642 ΔΟΡΙΔΑ
1061 604 1101 643 δι
1129 609 1297 644 ΔΟΡΚΑ-

34 657 102 694 ΔΑ
122 653 242 694 adesse
255 682 267 701 ,
287 656 453 708 priorem
469 655 506 692 in
525 653 770 706 inscriptione
784 656 903 695 omisl.
919 656 1066 707 Rlez.

88 706 180 760 Pag.
197 722 284 760 234.
303 709 327 747 l.
350 722 383 746 2.
409 707 490 747 Helix
518 705 600 756 ἧμῖν
624 709 848 762 ἐπράξατε)
869 710 969 762 Lege
993 707 1108 760 ὑμεῖς.
1127 711 1299 753 GUYET.

34 760 106 800 Tu
115 761 205 800 nihil
218 762 379 800 mntabis
391 791 402 806 ‚
419 760 554 807 lefilor,
568 761 594 799 st
610 762 698 801 illud
713 763 776 813 μοὶ
791 764 829 802 &
847 761 930 812 ὑμῖν
946 762 1062 804 ferme
1081 767 1297 817 πλεονάζον,

34 813 95 854 sed
121 825 247 854 tamen
274 815 533 854 familiaritatis
563 815 709 867 signum
729 847 741 864 ‚
772 818 813 855 δι
835 818 1065 857 creberrime
1089 831 1297 860 occurrens

33 868 250 908 attenderis.
269 868 452 909 Ceterum
468 868 493 907 si
509 869 573 908 cui
588 869 774 919 πράττειν
788 883 859 922 pro
871 871 1008 922 degere
1019 900 1030 916 ‚
1047 872 1201 920 vivere,
1216 886 1296 913 non

33 921 122 961 satis
132 935 268 962 notum
280 952 294 968 ‚
305 923 412 962 adeat
428 933 576 975 praeter
590 922 685 961 Bud.
701 923 854 962 Comm.
870 923 909 962 δι
922 924 1029 963 Kust.
1043 926 1087 964 ad
1101 926 1296 980 Aristoph.

34 973 131 1015 Plut.
148 990 236 1026 341,
253 977 367 1015 etiam
383 976 412 1015 Ι.
429 975 526 1015 Elsn.
540 977 585 1015 ad
604 976 712 1029 Epist.
729 977 773 1015 ad
788 976 885 1030 Eph.
909 977 982 1025 Vl,
1000 991 1061 1017 21.
1080 979 1224 1019 Rem.

87 1030 166 1068 ibid.
181 1029 255 1068 Τῶν
266 1030 460 1082 πολέμων)
478 1029 700 1069 Coniiceres
717 1029 818 1069 forte
832 1031 1018 1078 πολεμίων
1032 1046 1044 1080 3
1064 1046 1106 1072 ut
1127 1033 1191 1080 fit,
1213 1051 1295 1074 num

31 1083 118 1136 quid
131 1084 175 1122 ab
194 1085 339 1136 hostibus
357 1085 544 1135 reportastis
559 1083 762 1135 spoliorum.
786 1086 838 1122 At
855 1085 948 1123 nihil
973 1085 1025 1124 est
1042 1087 1263 1126 mutandum
1279 1102 1290 1128 :

32 1149 124 1176 nam
146 1135 250 1188 ἀξιον
271 1149 362 1177 cum
388 1140 560 1186 πολέμων
588 1137 688 1177 τεξὶε
713 1138 914 1187 cohaeret3
936 1151 1047 1192 aegre
1074 1141 1296 1194 iungeretur

34 1202 125 1230 cum
145 1191 348 1241 πολεμίων.
370 1191 518 1230 Κειτῑ.

87 1246 161 1283 ead.
185 1244 208 1283 l.
227 1246 263 1284 6.
282 1243 406 1295 Ἀθηνᾷ
429 1244 642 1297 στρατείᾳ)
666 1245 792 1284 Huius
811 1246 1050 1297 cognominis
1074 1245 1270 1289 Pausanias
1282 1256 1299 1295 ,‘

32 1297 101 1350 qui
115 1298 215 1337 ultra
235 1298 385 1350 triginta
403 1299 475 1338 alia
497 1298 626 1352 paffim
641 1297 774 1347 affert,
795 1299 1003 1352 nusquam,
1018 1302 1122 1352 quod
1143 1303 1294 1354 quidem

33 1351 150 1391 fciam
164 1382 177 1399 ‚
196 1352 378 1391 meminit.
406 1352 564 1391 SOLAN.

90 1407 166 1444 ead.
179 1406 204 1444 l.
222 1419 277 1444 12.
293 1406 385 1457 Πρός
398 1420 448 1459 ‘7⁶
463 1403 676 1457 Παρμένονα
690 1405 785 1459 διε.)
801 1405 872 1445 Sed
894 1405 1127 1446 scribendum
1145 1410 1296 1460 Παρμέ·

36 1473 152 1508 ιωνα,
166 1470 211 1499 ut
226 1460 328 1500 reRe
351 1472 434 1512 pag.
451 1472 551 1510 7303
566 1459 655 1511 (Bis
673 1461 767 1513 Ace.
788 1472 820 1499 c.
842 1459 919 1512 16.)
940 1472 1010 1499 nec
1025 1461 1130 1500 aliter
1146 1461 1234 1501 usus
1253 1463 1294 1502 &

35 1511 317 1553 Grammaticus
334 1525 457 1553 canon
479 1512 655 1564 postulat.
675 1513 783 1552 IENs.
803 1513 909 1552 Bene
930 1514 1124 1562 emendat,
1143 1514 1203 1554 sed
1223 1521 1296 1554 Πο·

31 1569 180 1617 λε’μωνα
203 1566 324 1606 altero
347 1566 413 1606 illo
431 1567 523 1606 loco
542 1566 671 1618 legas,
688 1580 767 1606 non
791 1568 1028 1616 Παρμένωνα.
1052 1568 1194 1607 Κειτῑ.

88 1620 169 1659 ibid.
199 1619 445 1673 Παρμένωνα)
466 1620 610 1660 Ienfius
628 1619 678 1659 sic
701 1620 801 1659 recte
826 1619 984 1660 scribere
1003 1620 1126 1668 iuffit,
1147 1635 1235 1662 cum
1256 1624 1295 1663 in

36 1673 138 1714 libris
151 1675 330 1714 omuibus
350 1673 441 1714 esset
462 1674 689 1732 slotffle'voveae..
710 1674 869 1714 SOLAN.

43 1763 45 1765 ,
89 1731 165 1768 ead.
177 1728 202 1766 l.
214 1742 228 1766 1
239 1727 446 1781 3.Ἐβὸμβει
462 1730 515 1767 τα
528 1728 630 1774 ὠτα)
645 1728 777 1774 Vides,
788 1741 904 1781 quam
919 1727 1090 1768 vetustus
1101 1728 1161 1768 ille
1171 1741 1294 1782 error,

32 1782 104 1835 qui
124 1781 252 1821 nostra
267 1782 380 1821 etiam
395 1792 516 1821 aetate
531 1781 741 1820 multorum
755 1793 899 1821 mentes
913 1782 1053 1821 insidet.
1077 1781 1235 1823 SOLAN.

91 1835 184 1887 Pag.
211 1848 255 1889 23
267 1848 298 1885 5.
319 1835 346 1874 l.
373 1834 410 1875 8.
430 1834 610 1888 Ἀργύριον
629 1835 730 1885 fans&
758 1835 922 1888 ἀριθμῷ)
946 1835 1079 1888 Specie
1100 1838 1294 1889 proverbii

36 1902 111 1942 pro
127 1888 316 1929 immensis
339 1889 487 1928 divitiis.
508 1889 570 1928 Sic
586 1890 622 1927 in
642 1889 797 1942 Epistol.
812 1889 1190 1942 Saturnal.Xenoph.
1204 1891 1297 1930 Hel.

35 1944 148 1983 lenic.
161 1943 227 1982 lib.
243 1956 277 1995 3.
295 1943 398 1983 Suid.
411 1940 580 1992 μεὲίμνῳ
595 1944 632 1981 τ’
645 1941 815 1996 ἀργύριον
837 1944 1075 1996 ἀπομετρεΐν.
1089 1944 1293 1984 Horatii&

37 1996 208 2037 Petronii
233 1998 465 2048 interpretes.
490 1996 662 2036 Bounn.

90 2053 163 2090 ead.
179 2051 202 2090 l.
222 2064 280 2104 13.
293 2050 355 2090 Ὧς
377 2055 440 2090 τὀν
453 2051 565 2090 Ἅλυν
586 2050 792 2104 ἐνέβησαν)
818 2051 907 2090 Hoc
927 2051 1040 2090 etiam
1063 2049 1185 2104 specie
1204 2064 1297 2105 pro-,

37 2105 179 2145 verbii:
201 2115 305 2157 patet
323 2105 422 2157 apud
437 2105 626 2143 Herodot.
640 2103 681 2144 &
695 2103 858 2144 Diodor.
871 2104 943 2144 Sic.
958 2105 1131 2144 Bonan.

93 2159 185 2210 Paffi
201 2159 288 2211 236.
305 2159 330 2198 l.
349 2173 380 2198 1.
396 2158 569 2212 mmm)
583 2158 847 2198 Florentinum
871 2157 1060 2210 παρόντων
1078 2159 1220 2211 placet,
1245 2171 1295 2200 ex

37 2213 152 2253 cuius
169 2212 399 2263 compendio
412 2211 538 2251 forsan
551 2212 704 2251 πάντων
715 2211 769 2252 est
780 2224 924 2250 natum.
943 2212 1080 2263 Neque
1093 2213 1185 2251 mihi
1199 2213 1301 2265 quis·

38 2280 183 2320 quam,
200 2268 239 2305 de
253 2266 390 2318 summa
412 2281 516 2305 rerum
538 2266 744 2313 vertendo,
761 2264 938 2305 defendat
961 2266 1185 2318 vulgatum3
1208 2280 1296 2306 nam

39 2321 78 2360 id
100 2320 178 2360 huc
198 2333 278 2360 non
299 2321 504 2366 convenit,
518 2319 559 2359 δι
582 2320 665 2370 περὶ
684 2319 756 2359 τᾶν
776 2319 864 2357 ὅλων
883 2331 963 2358 tum
989 2320 1117 2371 potius
1138 2320 1298 2362 dixisset.

39 2374 113 2414 Sed
128 2375 174 2414 de
191 2373 356 2426 praesenti
377 2389 482 2413 rerum
494 2376 589 2428 statu
614 2373 896 2412 deliberandum
915 2385 1008 2412 erat,
1023 2372 1177 2412 Interim
1194 2386 1296 2412 non-

39 2429 130 2467 dum
147 2429 274 2480 recepi
295 2427 505 2478 παρόντων,
518 2428 607 2480 quia
623 2427 706 2466 aliis
728 2427 926 2478 vulgatum
944 2426 1028 2465 satis
1049 2425 1178 2465 sanum
1195 2427 1302 2466 vide-

39 2482 155 2521 bitur.
171 2481 410 2534 Responsum
438 2493 535 2521 vero
559 2480 826 2532 Pannychidos
846 2479 889 2519 ἐκ
901 2480 974 2519 τῶν
991 2482 1180 2532 παρόντων
1205 2481 1249 2518 ad
1264 2480 1301 2519 id

41 2534 167 2588 ipsum
181 2536 330 2577 videtur
343 2535 510 2576 alludere
523 2549 536 2584 ;
553 2535 640 2575 ideo
653 2547 703 2576 eo
718 2534 840 2587 magis
852 2534 968 2577 velim
986 2535 1175 2586 παρόντων
1188 2534 1303 2580 etiam
