1835 3408
487 159 582 217 466
686 152 1564 202 AN‘NOTATIONES

492 259 560 294 η,
587 248 663 286 Del
682 248 831 312 origen,
866 261 894 298 y
913 245 1080 306 principio
1103 247 1140 283 de
1162 245 1196 283 la
1225 245 1346 296 lengua
1373 245 1570 298 Caflt'llana.
1600 239 1753 289 Rem:
1830 281 1835 300 1

538 301 617 340 ibid.
633 300 892 352 Hsv‘rnnovw)
914 299 1036 352 Atqut
1057 299 1304 345 Herodotus,
1325 311 1439 350 quem
1465 300 1659 339 auctorem
1684 302 1751 340 ads
1829 311 1835 320 ·

486 353 617 400 ducit,
636 353 747 405 CXX
769 366 917 393 tantum
941 364 1062 391 annos
1082 354 1119 397 in
1139 351 1322 404 impreffis
1349 353 1542 392 hodiernis
1561 353 1612 392 ait
1635 353 1753 393 vixis·

486 407 546 456 se;
570 407 779 447 Anacreon
797 407 944 446 veroin
961 405 1092 458 fragm.
1112 405 1179 445 CL
1198 406 1232 444 ei
1245 418 1367 445 annos
1389 406 1541 456 tribuit3
1564 407 1650 446 Val.
1666 407 1753 447 Ma-

485 463 578 500 xim.
597 461 718 510 VIII,
737 474 805 509 14,
824 460 1020 511 ocloginta
1043 459 1149 498 annis
1167 460 1322 512 patriam
1344 459 1477 499 rexisse
1499 461 1570 508 ait,
1593 473 1681 500 cum
1705 461 1754 502 ad

486 515 686 567 imperium
707 514 897 566 sexaginta
925 525 1047 552 annos
1073 524 1182 552 natus
1205 511 1415 552 acceffiffet.
1439 512 1561 553 Cuius
1587 515 1642 553 rei
1667 527 1754 554 cer-

487 578 551 608 tos
571 568 644 608 effe
658 568 834 606 auctores
854 567 917 606 ait.
942 565 1115 606 Asmium
1140 577 1268 604 tamen
1293 565 1506 605 Pollionem
1525 565 1660 615 affert,
1683 568 1754 621 qui

485 635 577 663 eum
595 621 744 661 CXXX
759 632 909 659 tantum
927 632 1048 660 annos
1063 619 1272 672 implevisse
1286 631 1576 660 commemorat.
1593 620 1756 664 SOLAM

542 678 614 714 ead.
633 676 657 713 l.
673 674 784 713 8.“Ως
797 673 1006 726 Ἠρόἒοτοή
1033 673 1104 713 Sed
1127 673 1192 726 qui
1209 673 1322 712 CXX
1344 674 1454 712 annis
1465 675 1586 713 vitam
1602 676 1755 726 Argan-

487 729 611 768 thonii
625 729 796 774 metitur,
807 725 907 774 Lll,
921 725 956 766 S.
977 727 1044 779 163
1055 741 1068 775 3
1080 739 1127 767 ex
1147 739 1227 779 quo
1242 725 1323 766 Cic.
1340 727 1385 766 de
1403 727 1549 769 Senest.
1564 730 1601 766 δι
1619 729 1755 770 Valet-.-

489 783 600 822 Max.
615 782 710 821 VIII
729 781 889 821 eundem
905 793 1040 819 annor.
1056 793 1257 820 numerum
1275 793 1347 819 120
1359 791 1548 834 repetunt.
1563 782 1752 824 BENN'ER.

542 839 614 875 ead.
629 836 652 874 l.
670 850 706 888 9.
726 834 944 886 Ἀνακρέων)
961 833 1093 875 Testes
1109 834 1286 881 adducit,
1312 846 1390 873 non
1406 834 1580 886 exempla
1592 864 1603 882 ,
1622 849 1670 875 ne
1692 849 1754 876 er·

486 902 571 937 res3
590 890 733 942 quippe
751 890 818 941 qui
837 889 896 927 hic
912 889 956 926 de
970 888 1121 940 regibus
1135 899 1222 940 agat
1235 918 1246 935 ,
1266 899 1344 927 non
1367 887 1551 928 historicis
1572 899 1637 928 aut
1656 892 1755 942 poe·

489 944 548 983 tis.
567 943 631 983 De
653 943 844 982 Herodoti
866 941 957 981 loco
983 942 1056 980 iam
1086 942 1228 980 dictum
1255 940 1320 980 est.
1342 941 1471 981 Exstat
1499 943 1756 984 Anacreontis

490 996 746 1050 fragmentum
763 996 820 1035 ed.
835 995 962 1047 Steph.
990 1008 1023 1046 p.
1039 1009 1090 1045 77
1105 995 1150 1034 B.
1170 995 1217 1035 C.
1236 995 1303 1034 ubi
1325 994 1391 1034 CL
1407 1009 1588 1036 numerus
1610 998 1758 1049 reperio,

489 1062 567 1090 tur.
583 1051 742 1090 SOLAN.
757 1049 832 1089 Od.
848 1049 909 1089 68.
926 1049 1034 1088 Adde
1047 1048 1168 1088 Strab.
1183 1049 1224 1089 &
1237 1049 1328 1088 Plin.
1351 1049 1420 1102 qui
1434 1050 1597 1090 eundem
1616 1063 1755 1092 annor.

489 1117 692 1144 numerum
719 1114 887 1144 tuentur.
902 1102 1006 1143 Afin.
1031 1102 1156 1144 Pollio
1177 1113 1330 1143 centum
1345 1102 1386 1142 δι
1409 1104 1561 1156 triginta
1579 1116 1700 1144 annos
1715 1104 1756 1146 el

490 1159 635 1198 tribuit.
654 1159 836 1198 BENNER.
853 1157 962 1196 Plura
978 1157 1105 1196 Maius
1122 1169 1172 1196 ex
1187 1156 1313 1209 Phleg.
1328 1157 1450 1196 Trall.
1466 1170 1550 1210 cap.
1569 1171 1616 1207 4,
1633 1158 1756 1199 addit·-

491 1224 586 1263 que:
606 1212 725 1265 ipsum
741 1211 1000 1265 Arganthonii
1015 1223 1158 1250 nomen
1171 1210 1310 1250 habere
1322 1210 1411 1263 quid
1426 1212 1566 1251 ominis
1585 1211 1756 1254 alludens

492 1267 540 1304 ad
566 1267 808 1311 Arc-autho,
830 1266 936 1318 quod
958 1263 1066 1304 sonat
1087 1264 1353 1316 πολυχρόνιον,
1375 1277 1425 1304 ex
1447 1263 1759 1309 Sam.'Bochart.·

491 1318 639 1372 Geogr.
656 1319 757 1360 Sacr.
777 1330 872 1372 part.
887 1318 944 1365 11,
960 1319 1000 1357 L.
1021 1318 1061 1364 Ι,
1085 1331 1118 1358 c.
1137 1333 1196 1371 34.
1211 1317 1415 1371 Adscripfit
1431 1319 1756 1361 Benner.Trecen-

492 1383 555 1412 tos
572 1375 606 1413 ei
630 1372 788 1426 affignat
811 1373 873 1412 Sil.
895 1371 975 1412 Ital.
998 1371 1073 1420 ΠΙ,
1094 1374 1180 1425 396.
1196 1373 1361 1412 Vinetus
1384 1373 1491 1413 malit
1510 1385 1567 1413 ter
1591 1375 1755 1428 quinos,

492 1438 536 1466 ut
551 1428 600 1466 ita
615 1427 710 1467 Silio
731 1440 819 1466 cum
841 1427 1088 1466 Anacreonte
1105 1427 1327 1466 conveniat.
1343 1426 1491 1467 Rmz.

548 1483 619 1519 ead.
636 1482 660 1520 l.
678 1494 735 1520 10.
751 1478 1002 1533 Ἀγαθοκλῆς)
1017 1479 1152 1519 Senem
1173 1491 1293 1519 vocat
1313 1479 1440 1519 lustin.
1457 1495 1521 1532 23,
1538 1493 1581 1528 2;
1599 1480 1684 1522 Ael.
1700 1481 1757 1524 v:-

492 1534 545 1573 H.
564 1533 617 1573 Xl
629 1565 640 1583 ‚
656 1549 693 1582 4.
710 1535 801 1574 Non
824 1533 893 1573 nist
905 1546 1102 1582 72.·annos
1119 1532 1250 1574 vixiffe
1271 1535 1468 1575 contendit
1490 1533 1608 1575 Diod.
1622 1535 1694 1576 sic.
1713 1535 1755 1577 in

492 1587 645 1640 Eclogis
665 1588 728 1627 lib.
755 1588 863 1627 XXI.
885 1589 1046 1627 Mnus.
1604 1611 1607 1614 <

545 1645 620 1680 ead.
636 1642 661 1681 l.
677 1655 691 1680 1
703 1655 734 1680 1.
749 1641 997 1696 Δημοχάρης)
1015 1641 1102 1680 Vid.
1115 1639 1225 1680 Voff.
1244 1640 1289 1681 de
1301 1640 1398 1681 Hist.
1415 1641 1484 1683 Gr.
1496 1640 1513 1680 Ῑ
1524 1671 1535 1687 ,
1560 1655 1576 1681 1
1589 1654 1622 1690 ι,
1634 1656 1671 1696 p.
1686 1642 1758 1686 68.·

491 1693 613 1734 Periz.
629 1696 676 1734 ad
690 1695 838 1735 Aelian.
851 1696 931 1742 111,
948 1709 988 1746 7.
1004 1693 1145 1735 Meurs.
1158 1694 1340 1736 Biblioth.
1355 1696 1436 1735 Att.
1450 1696 1499 1736 T.
1518 1696 1556 1736 X
1567 1696 1757 1739 Thesaur.·

491 1748 588 1788 Ant.
603 1748 674 1789 Gr.
688 1748 872 1790 Gronov.
883 1749 958 1789 col.
975 1762 1086 1800 1479.
1104 1749 1268 1788 ΜΑῐυε.
1618 1763 1621 1767 ·

545 1805 618 1840 ead.
635 1804 659 1842 l.
678 1816 736 1842 12.
750 1802 923 1856 Τίμαιος)
940 1802 1114 1842 Meminit
1133 1802 1271 1842 Noster
1283 1803 1422 1843 iterum
1436 1801 1532 1843 infra
1543 1833 1555 1852 ‚
1572 1802 1752 1846 &SchoL

491 1856 540 1894 ad
554 1855 658 1895 Asm.
679 1869 725 1895 ac
739 1856 876 1908 Polyb.
900 1858 994 1902 XV,
1009 1871 1027 1908 3
1039 1869 1072 1907 3,
1091 1869 1174 1909 pag.
1192 1868 1305 1910 1003.
1319 1857 1558 1897 Tauromeni
1575 1859 1613 1897 in
1629 1858 1752 1899 Sicilia

491 1921 604 1948 natus
616 1941 627 1956 ,
649 1909 788 1962 scripfit
804 1911 984 1958 Athenis;
998 1910 1095 1950 Plut.
1113 1911 1159 1950 de
1173 1910 1305 1950 exsilio
1325 1923 1408 1965 pag.
1424 1912 1617 1963 605.Vid.
1631 1913 1756 1952 omni·

490 1975 547 2002 no
566 1962 683 2002 Diod.
702 1964 775 2004 Sic.
799 1965 919 2016 princ.
935 1965 976 2003 L.
991 1965 1044 2003 V.
1064 1963 1138 2003 Sed
1153 1964 1244 2015 quid
1259 1965 1299 2003 in
1319 1977 1368 2004 eo
1390 1965 1642 2012 laudandum,
1657 1965 1752 2019 quid

489 2017 841 2068 reprehendendum
854 2047 865 2065 ‚
880 2019 955 2056 vid.
976 2018 1138 2070 Longin.
1154 2019 1201 2057 de
1216 2017 1362 2064 sublim.
1376 2018 1507 2059 s.·1v.
1525 2018 1693 2068 Consule
1709 2020 1753 2060 &

490 2070 600 2111 Voff.
617 2072 657 2111 δι
669 2072 811 2111 Meurs.
826 2072 874 2111 ad
887 2070 1054 2124 Hesych.
1070 2071 1189 2110 Miles.
1205 2085 1242 2124 p.
1261 2085 1333 2126 203
1355 2087 1441 2121 -4
1454 2072 1618 2113 MAlus.

541 2126 622 2164 ibid.
635 2124 762 2177 Ἱέρων)
777 2126 1039 2177 Nonagefimo
1059 2125 1190 2165 obiiffe
1205 2138 1311 2166 anno
1332 2125 1487 2167 testatur
1500 2127 1586 2167 Liv.
1599 2126 1754 2175 XXIV,'

488 2184 536 2228 ’4,
560 2179 599 2218 δι
614 2179 702 2219 Val.
716 2180 960 2226 Max.VI11,
978 2180 1210 2233 13.MA1US.

543 2236 616 2272 ead.
631 2234 654 2271 l.
672 2247 728 2282 ¹4-
744 2233 953 2286 Δημήτριος
967 2255 1012 2263 -
1025 2232 1324 2286 Καλλιστιανὸς)
1340 2233 1524 2274 Mendum
1549 2233 1602 2274 est
1622 2233 1659 2274 in
1677 2243 1752 2274 nod

488 2286 590 2325 mine
613 2287 722 2326 huius
737 2287 948 2327 Demetrii:
970 2287 1106 2327 nullibi
1121 2288 1221 2326 enim
1237 2289 1283 2327 de
1295 2287 1448 2327 Callista
1469 2288 1584 2336 urbe,
1606 2295 1678 2329 ne'c
1701 2289 1749 2330 de

487 2339 670 2379 historico
696 2341 763 2380 illo
787 2340 1011 2381 Callistiano
1030 2342 1176 2381 mentio
1198 2340 1295 2380 facta
1308 2341 1373 2381 est.
1399 2341 1500 2395 Lege
1515 2340 1752 2383 confidenter
1803 2391 1805 2397 ‚

485 2397 766 2441 Καλλατιαιὼς,
784 2396 830 2434 de
851 2408 934 2447 quo
947 2394 1067 2434 Dion.
1088 2395 1211 2434 Halic.
1235 2395 1320 2447 περὶ
1338 2394 1533 2435 συνθέσεως
1547 2397 1749 2447 ὀνομάτων,

485 2445 608 2502 Diog.
631 2446 758 2490 Laert.
784 2449 825 2491 ln
846 2448 1073 2502 Demetrio,
1094 2449 1162 2490 ubi
1182 2449 1258 2496 ait,
1285 2461 1375 2494 eum
1393 2447 1574 2503 scripfiffe
1597 2449 1643 2490 de
1658 2449 1748 2490 Asta
