1835 3408
516 136 611 201 4ffl
714 137 1589 186 ANNOTATIONES

513 222 591 263 effe
609 222 736 264 dicant
763 227 959 279 πρόκωπᾳς
981 227 1021 266 &
1041 226 1279 279 πρὸσκωπος,
1297 226 1449 274 nesci0;
1467 227 1534 267 nisi
1558 228 1663 281 quod
1685 228 1759 268 mal
1806 204 1835 256 οῦ

516 278 618 327 apud
632 278 725 317 Poll.
744 278 785 328 l,
802 281 838 319 S.
854 294 919 333 95,
933 280 1128 332 πρόκωπος
1142 297 1249 321 remex
1261 282 1382 334 legas,
1398 281 1463 320 ubi
1483 281 1705 335 πρόσκωπος
1722 296 1767 324 re
1810 275 1834 304 ‘⁴'

513 329 576 370 &e
592 332 790 385 corrigunt
804 333 1042 374 Commentt.
1068 334 1218 375 REITZ.

734 518 838 562 IN
906 516 1550 564 MACROBIOS.

570 605 664 658 Pag.
681 619 696 644 1
709 619 765 655 14.
780 607 802 645 I.
820 620 854 645 1.
871 604 1140 657 MAKPOBIOI)
1167 606 1273 644 Ante
1290 616 1485 645 mortuum
1501 605 1742 646 Demonafile

513 656 673 710 scriptus
687 661 838 699 videtur
853 660 913 699 hic
928 660 1035 707 liber,
1051 672 1180 711 quem,
1203 672 1284 711 quo
1299 670 1381 698 erat
1398 660 1435 698 in
1454 673 1542 699 eum
1560 659 1711 709 favore,
1725 673 1782 700 ca·

514 712 649 764 talogo
661 713 944 767 longaevorum
962 726 1041 752 non
1054 725 1309 751 annumerare
1328 711 1435 753 nefas
1448 712 1621 753 duxisset.
1641 713 1704 754 De
1717 727 1768 754 eo

515 765 602 804 dem
626 779 853 819 argumento
878 766 1020 818 scripsit
1046 767 1158 805 etiam
1184 766 1374 820 Phlegon,
1399 768 1510 807 cuius
1532 767 1628 807 liber
1650 768 1772 808 exstat

520 819 623 858 Vide
636 823 751 860 etiam
766 821 976 861 Laevinum
990 821 1186 860 Lemnium
1204 820 1248 859 de
1260 821 1400 861 occult.
1414 832 1489 860 nar.
1505 823 1590 860 mir.
1606 821 1649 861 &
1663 822 1775 861 Merc

518 872 618 912 Hist.
636 876 734 929 1696
747 906 759 921 ‚
776 889 812 928 p.
831 889 918 928 317,
937 876 978 915 &
992 875 1092 926 seqq.
1107 875 1145 914 ἃ
1160 875 1245 913 alibi
1261 874 1401 927 paffim.
1415 874 1574 914 SOLAN.

570 932 645 968 ead.
659 930 682 967 l.
700 927 857 980 2.”Ovoeg›
872 929 931 981 τι)
953 929 1007 968 Ex
1028 928 1102 980 ipsa
1118 927 1253 967 somnii
1275 930 1646 969 commemoratione
1665 929 1787 969 conii-

518 981 570 1022 cit
582 980 640 1022 Io.
658 982 829 1023 Clericus
850 983 948 1022 Bibl.
962 983 1062 1021 Anc.
1085 982 1124 1021 &
1140 982 1245 1022 Mod.
1258 982 1306 1022 T.
1322 997 1392 1030 22,
1414 996 1451 1036 p.
1474 984 1570 1030 226,
1586 983 1784 1023 auclorem

517 1048 601 1075 non
627 1036 701 1076 effe
725 1038 934 1077 Lucianum
948 1068 960 1085 ,
982 1035 1042 1075 sed
1064 1035 1165 1075 sorte
1194 1037 1392 1075 Aristidem
1406 1065 1419 1085 ‚
1442 1037 1554 1077 cuius
1572 1036 1788 1089 superstitio

518 1101 611 1129 nota
631 1090 683 1129 est
713 1093 995 1144 Argumentum
1014 1091 1125 1129 nimis
1140 1090 1391 1137 imbecillum,
1410 1092 1516 1143 quod
1538 1091 1600 1131 vel
1615 1090 1699 1144 ipso
1715 1092 1790 1144 pri-

520 1157 589 1183 mo
613 1144 828 1185 libellorum
855 1144 1013 1184 Luciani
1035 1143 1233 1184 refutetur.
1255 1144 1436 1184 Ceterum
1458 1144 1660 1198 legendum
1687 1155 1787 1198 puto

518 1211 601 1238 non
624 1198 709 1250 ’ὄνοις
737 1215 803 1246 τι,
832 1200 936 1249 quod
965 1199 1082 1238 libros
1109 1199 1343 1250 occupavit,
1374 1197 1432 1238 sed
1462 1199 1629 1251 ὀνείρατι.
1660 1199 1788 1240 ΟΕεΝ.

509 1251 643 1303 ”Ονοις,
667 1266 738 1305 pro
765 1254 854 1292 κατ’
869 1253 970 1303 Erote,
988 1268 1049 1306 per
1059 1253 1253 1305 somnium,
1280 1252 1460 1304 frequens
1484 1253 1584 1301 aliis,
1607 1253 1790 1305 frequens
1821 1287 1823 1290 .

518 1306 678 1347 Nostro.
690 1307 791 1347 Tim.
807 1307 822 1357 §
839 1320 887 1346 20
902 1305 926 1346 f.
945 1306 1003 1345 ὅτι
1014 1306 1067 1357 μὴ
1085 1307 1169 1357 ’ὄνοις
1189 1305 1407 1346 πλουτοῦσι.
1429 1306 1530 1347 Gall.
1544 1320 1628 1360 cap.
1647 1320 1661 1346 1
1681 1306 1705 1346 f.
1721 1307 1789 1358 ὅραι
1823 1347 1825 1351 ,

518 1359 621 1400 ὅπως
633 1360 686 1410 μὴ
700 1391 712 1407 ,
725 1362 811 1412 ’ὄνοις
825 1359 1016 1409 πλουτῶν,
1031 1361 1224 1409 λιμώττῃς
1244 1360 1497 1414 ἀνεγρόμενος·
1514 1362 1552 1400 δι
1568 1362 1631 1401 vel
1645 1363 1787 1403 centies

519 1415 620 1454 alibi.
637 1414 763 1454 Probe
775 1415 883 1454 scivit
899 1415 974 1454 hoc
989 1416 1050 1453 vir
1064 1414 1206 1453 doffiss'.
1226 1415 1346 1465 probe
1360 1415 1471 1453 etiam
1486 1416 1674 1454 meminit:
1694 1429 1790 1468 qua·
1824 1427 1825 1433 ¹

519 1481 562 1507 re
579 1468 690 1521 igitur
705 1470 857 1521 ὀνείρατι
877 1468 1008 1515 malit,
1030 1467 1178 1516 nescio3
1198 1468 1266 1507 nisi
1280 1468 1384 1522 quod
1403 1482 1444 1507 τι
1461 1468 1587 1508 forsan
1602 1470 1688 1508 alibi
1707 1482 1788 1510 non
1825 1482 1827 1492 ¹

519 1522 630 1561 addat
645 1521 794 1562 Noster.
818 1522 880 1562 De
904 1532 1062 1563 accentu
1079 1536 1116 1560 v,
1135 1525 1257 1562 Κυϊντ.
1275 1523 1351 1561 vid.
1373 1521 1440 1560 fin.
1456 1523 1531 1563 bui.
1546 1522 1646 1563 Dial.
1665 1523 1786 1564 Cere-
1826 1553 1828 1562 i

521 1589 607 1615 rum
623 1577 661 1615 in
682 1590 800 1629 marg.
824 1576 1011 1616 versionis
1026 1575 1284 1616 Gesnerianae
1300 1589 1477 1625 moneor,
1491 1588 1535 1616 ut
1555 1588 1666 1617 notas
1683 1578 1713 1617 1.
1730 1578 1784 1618 H.
1826 1579 1828 1585 '

522 1630 620 1669 Maii
641 1629 800 1670 inseram
814 1661 825 1677 ,
843 1644 939 1684 quas
959 1631 1021 1670 ille
1044 1631 1082 1668 in
1102 1629 1255 1670 Differt.
1276 1630 1389 1681 super
1410 1631 1485 1670 hoc
1497 1631 1655 1671 Luciani
1674 1631 1786 1670 libel-

519 1684 562 1724 lo
575 1714 586 1732 ,
607 1683 758 1724 Gieffae
778 1698 837 1724 an.
865 1699 985 1735 1724,
1004 1682 1228 1724 defendente
1249 1684 1278 1723 1.
1304 1685 1436 1724 Herm.
1457 1685 1636 1726 Bennero
1649 1715 1664 1732 ,
1681 1697 1785 1726 nunc

520 1738 611 1778 ibid.
633 1737 864 1786 professore,
884 1739 1011 1778 edidit.
1036 1738 1107 1778 Sed
1131 1751 1218 1778 cum
1241 1738 1476 1791 bibliopolae
1503 1738 1600 1779 serio
1624 1752 1788 1779 monue-

519 1805 585 1840 re,
600 1805 776 1832 curarem
791 1823 803 1839 ‚
823 1805 871 1832 ne
890 1792 989 1832 ultra
1010 1793 1167 1831 tertium
1188 1804 1338 1832 tomum
1363 1795 1457 1832 haec
1476 1793 1591 1833 editio
1605 1806 1788 1833 excurre-

519 1857 601 1893 ret;
618 1857 662 1885 ut
681 1846 880 1900 utriusque
900 1846 1072 1899 petitioni
1097 1846 1234 1898 aliquid
1250 1847 1357 1893 dem,
1375 1845 1562 1900 potiffima
1580 1846 1708 1887 saltem
1731 1849 1789 1887 in-

523 1900 713 1946 dicando,
736 1901 800 1941 vel
826 1901 1067 1953 excerpendo
1085 1929 1097 1949 ,
1117 1900 1413 1952 inseramfomg»
1437 1902 1554 1954 igitur
1578 1902 1705 1941 Maius
1727 1901 1788 1943 hic

521 1965 633 1994 notat
656 1955 701 1994 de
725 1971 822 2002 vero,
841 1954 1003 1995 ἐνύπνιον
1026 1955 1072 1993 de
1084 1953 1181 2006 fizlfh
1201 1955 1293 2001 dici,
1313 1968 1362 1995 ex
1383 1955 1562 1995 Macrob.
1584 1955 1630 1995 ad
1653 1955 1787 1996 Somn.

522 2008 623 2060 Scip.
642 2008 681 2055 1,
695 2023 729 2061 3,
749 2008 852 2048 Suid.
869 2009 1020 2048 Heliod.
1042 2007 1084 2048 &
1099 2009 1288 2049 Artemid.
1305 2009 1345 2049 Id
1362 2022 1459 2049 vero
1473 2008 1673 2050 discrimen
1686 2010 1787 2050 haud

522 2062 596 2102 effe
624 2075 852 2116 perpetuum
869 2091 880 2109 ‚
908 2076 954 2102 ex
978 2063 1133 2102 Luciani
1162 2062 1295 2102 somn.
1325 2063 1482 2116 aliisque
1507 2064 1608 2104 recte
1632 2064 1786 2117 probat.

523 2116 627 2157 Dein
642 2117 789 2169 phrasin
804 2118 887 2168 ’όναις
903 2119 1119 2156 κελευσθεὶς
1141 2130 1212 2168 pro
1228 2117 1317 2156 κατ’
1334 2118 1419 2168 'brae
1435 2117 1577 2157 Nostro
1599 2118 1723 2158 afferit
1737 2130 1787 2158 ex

521 2170 722 2210 Pseudom.
744 2171 845 2212 Gall.
866 2171 1335 2223 Chronosol.The0phyl.
1357 2171 1506 2211 Aelian.
1529 2173 1567 2211 δι
1585 2172 1682 2212 Ach.
1695 2173 1787 2213 Tar.

524 2225 674 2264 Rmz.
698 2225 818 2265 Recle
844 2226 1029 2271 coniicis,
1054 2225 1178 2264 Reitzi
1204 2224 1432 2273 decussum,
1451 2226 1544 2265 illud
1564 2241 1604 2265 τι
1629 2226 1676 2265 ad
1700 2226 1787 2278 ’όνεις
1820 2264 1823 2266 ,

524 2280 712 2322 εόὶεᾶὶυιη
725 2309 734 2325 ‚
755 2280 849 2327 effe,
867 2280 972 2332 quod
989 2292 1049 2318 me
1066 2278 1238 2319 sollicitet
1250 2310 1261 2326 ‚
1279 2290 1323 2318 ut
1340 2279 1468 2318 malim
1480 2279 1604 2332 legere
1616 2280 1787 2332 ὸνείρκτι.

521 2337 564 2372 Ti
585 2331 697 2372 τοῦτο
714 2334 773 2374 hic
786 2346 864 2373 non
886 2333 1079 2387 intelligo:
1098 2333 1350 2387 intelligerem
1372 2348 1411 2373 τι
1431 2333 1590 2374 τοιοῦτο.
1607 2335 1787 2377 GESNER.

523 2388 559 2429 ἱη
582 2389 742 2426 Αᾶἅεηᾶ.

573 2441 655 2483 ibid.
671 2441 893 2496 Κυϊντίλλε)
909 2441 1122 2484 Altercatio
1133 2440 1205 2482 fuit
1223 2441 1321 2482 inter
1337 2441 1530 2483 Herodem
1545 2441 1733 2490 Atticum,
1744 2440 1785 2482 δε
