1835 3408
413 137 507 195 408
615 133 1486 183 ANNOTATIONES

416 221 608 265 Bacchum
624 223 766 264 videri:
785 224 871 264 hinc
886 222 997 264 facile
1008 222 1124 263 credit
1136 252 1149 269 ‚
1166 222 1420 263 bacchaturos
1434 221 1470 260 in
1485 221 1585 262 suam
1601 229 1686 275 gra-³

416 279 506 316 tiam
532 276 622 316 suos
646 279 801 318 amicos.
828 275 1047 328 Παράδοξον
1066 275 1143 324 est,
1169 275 1407 323 Demetrium
1433 276 1521 316 huic
1543 277 1686 329 cupidi-

418 331 486 368 tati
502 331 601 381 regis
615 330 827 379 adversari,
845 331 882 369 in
901 343 945 368 ea
961 342 1026 377 re,
1043 342 1160 381 quam
1181 331 1288 373 cordi
1311 331 1406 370 adeo
1430 331 1507 381 regi
1528 328 1601 369 effe
1614 343 1686 369 no-

417 384 477 424 rit.
497 383 568 423 Sed
590 397 680 425 cum
705 384 794 423 illud
811 382 1041 434 παράδοξον,
1058 383 1149 422 illud
1175 381 1391 423 ὑπεναντίον
1409 381 1459 431 τῇ
1481 382 1658 433 ἐπιθυμίᾳ
1671 411 1686 429 ‚

417 435 533 476 semel
549 437 722 488 percussit
735 438 860 490 aliqua
881 436 969 476 fidei
985 436 1103 486 specie
1121 436 1310 496 animuin:
1336 436 1463 475 actum
1480 435 1533 476 est
1545 466 1555 480 ‚
1575 437 1685 488 periit

419 489 669 539 Demetrius,
686 490 756 530 nist
781 489 962 543 praesenti
986 490 1027 530 δι
1045 490 1294 542 extemporali
1315 491 1482 528 remedio
1510 489 1575 527 stbi
1604 489 1689 532 suc·

419 557 558 584 currat.
587 545 676 584 Huc
697 545 812 585 etiam
835 545 996 587 alterum
1027 544 1072 583 de
1090 543 1313 584 Alexandro
1339 544 1381 583 &
1402 542 1692 596 Hephaestione

419 598 637 648 exemplum
660 598 857 637 convenit.
877 597 1003 639 GESN.

473 652 552 690 ibid.
568 654 613 688 Tb
631 647 760 703 fisos)
784 650 954 703 Impreffi
980 663 1115 690 omnes
1144 650 1179 689 ἓν
1199 654 1244 690 τὶ
1277 645 1387 690 εἶδος.
1407 648 1552 689 lensius
1576 649 1690 690 ’ὄντως

420 705 658 744 scribendum
682 716 814 755 putat;
839 705 972 744 deinde
985 703 1068 756 post
1083 704 1280 755 ἐπιθυμίας
1299 704 1517 756 ponendam
1535 705 1688 744 τελείαν

420 756 697 809 στιγμήνθκ.
711 757 810 797 Cod.
833 757 869 796 ὒν
889 771 968 798 non
991 756 1184 810 agnoscit,
1207 758 1319 797 recle.
1340 757 1500 797 SOLAN.
1521 756 1689 798 Solanus

421 810 458 851 ἓν
480 812 642 850 delerat:
665 823 740 864 ego
763 823 864 853 certe
882 824 962 851 non
985 812 1218 850 intruderem
1233 843 1243 859 ,
1264 810 1292 856 fi
1311 811 1351 849 &
1372 811 1409 849 in
1430 821 1520 850 cett.
1535 810 1690 854 abesset.

422 864 478 905 At
505 866 676 905 nondum
700 865 855 913 reiicio,
879 878 967 905 cum
1000 865 1197 916 probabile
1228 878 1308 903 non
1334 864 1402 910 stt,
1429 864 1606 904 librarios
1629 865 1690 914 id,

451 919 528 958 uod
545 919 730 958 difficilius
752 919 826 965 est,
851 931 925 958 tam
949 918 1143 971 diligenter
1165 917 1367 971 ingeffiffe;
1394 930 1480 958 nam
1497 931 1620 971 neque
1635 919 1692 959 in-

421 932 558 1012 solitus
577 972 630 1012 est
661 973 909 1019 Atticismus‚
927 971 1007 1012 five
1026 973 1244 1024 πλεονάζειν
1270 982 1402 1024 putes,
1430 970 1510 1012 five
1537 972 1689 1024 pattici-.-

421 1026 528 1080 pium
545 1039 615 1076 pro
632 1026 715 1066 ἐστὶ·
737 1026 904 1078 positum
932 1026 1117 1077 accipias,
1135 1026 1270 1078 (cuius
1284 1024 1459 1077 exempla
1482 1025 1567 1065 satis
1590 1026 1692 1066 dedi·

425 1093 512 1119 mus
528 1079 642 1133 alibi)
664 1080 757 1120 adde
779 1081 988 1125 Herodian.
1008 1080 1086 1125 111,
1104 1093 1147 1120 12
1161 1111 1175 1126 ,
1198 1094 1219 1125 2
1232 1111 1243 1126 ‚
1260 1078 1367 1119 εἰέὼς
1382 1078 1427 1118 δὲ
1444 1079 1630 1119 ἀέύνατον
1648 1078 1690 1122 ’ἂν

422 1133 491 1177 δύο
504 1133 817 1185 ὃιοιχειριζεσῦαι
837 1135 1033 1178 βασιλέως.
1047 1134 1118 1172 Sed
1136 1134 1196 1173 vel
1213 1135 1330 1185 magis
1345 1133 1512 1176 abundat
1527 1134 1690 1174 verbum

422 1188 500 1238 εἰμὶ
521 1188 610 1227 ibid.
624 1189 679 1237 V,
697 1187 719 1227 8
732 1216 744 1235 ‚
760 1186 803 1234 8,
822 1183 924 1228 οὐδὲν
941 1183 1000 1231 οὖν
1022 1185 1117 1231 εἶναι,
1139 1183 1256 1232 αὐτὴν
1277 1186 1445 1242 {miteque
1457 1217 1468 1234 ‚
1492 1187 1596 1239 quod
1611 1186 1692 1227 Ste-

423 1243 537 1294 phan.
564 1241 857 1295 expungendum
882 1241 1030 1285 censet,
1052 1241 1114 1280 vel
1135 1240 1305 1282 mutand.
1329 1241 1368 1279 in
1383 1242 1420 1281 ἦν
1445 1240 1473 1280 ὅ.
1490 1242 1544 1280 At
1559 1239 1689 1280 forsan

424 1297 563 1336 eodem
578 1297 697 1335 modo
714 1296 774 1334 hic
790 1296 827 1334 in
844 1296 1013 1349 Luciano
1030 1295 1195 1334 abundat
1209 1295 1263 1342 ὂν,
1279 1306 1393 1347 atque
1410 1293 1504 1334 infra
1517 1294 1690 1335 Pseudol.

424 1363 508 1403 cap.
528 1351 573 1396 6,
593 1348 611 1389 ἦ
631 1350 896 1403 ἀναισχυντιοι
914 1344 1026 1396 οὖσαι,
1051 1349 1156 1401 quod
1173 1351 1224 1388 ibi
1239 1348 1456 1401 expositum
1471 1349 1578 1397 vide,
1598 1348 1693 1388 alia-

424 1417 502 1456 que
517 1416 628 1442 ettam
643 1405 688 1442 de
703 1404 919 1443 abundante
933 1405 1055 1455 {erbo
1069 1399 1163 1442 εἶναι
1182 1404 1315 1443 addita.
1328 1401 1474 1443 Confer
1491 1416 1585 1444 mox
1601 1415 1684 1456 cap.

427 1471 478 1496 20
490 1487 502 1502 ,
517 1458 601 1497 ἐστι
617 1479 662 1486 -
676 1456 827 1504 ἀδελφή
842 1472 903 1497 τις
921 1458 1025 1495 οὐσα.
1044 1456 1186 1495 REITz.

481 1512 573 1564 Pag.
590 1511 651 1560 46.
667 1512 690 1549 l.
715 1525 749 1550 2.
765 1510 1008 1563 Πτολεμαίῳ)
1029 1517 1074 1555 Δ,
1097 1513 1205 1558 Ne‘o53
1227 1509 1472 1551 V.not.Toll.
1501 1510 1541 1550 δι
1560 1510 1690 1550 Hero-

426 1563 525 1604 dian.
541 1566 578 1612 1,
592 1565 657 1617 qui
676 1564 865 1616 Antigoni
879 1565 993 1603 etiam
1013 1566 1181 1604 meminit
1195 1565 1390 1605 Bacchum
1412 1564 1602 1604 imitantis.
1616 1565 1694 1604 Ad,-

426 1618 474 1658 de
488 1619 533 1657 de
555 1617 632 1666 hoc
652 1630 918 1670 cognomento
931 1618 1134 1668 spanhem.
1153 1632 1244 1671 435,
1257 1619 1323 1670 qui
1335 1631 1384 1658 ex
1396 1617 1528 1657 Euseb.
1543 1617 1694 1658 Chron.

429 1671 657 1717 confirmat,
675 1673 739 1721 61,
760 1687 826 1726 73,
842 1685 927 1725 194.
944 1671 1093 1711 Diserte
1107 1674 1206 1724 apud
1221 1672 1342 1712 Clem.
1361 1672 1473 1713 Alex.
1491 1671 1548 1711 IV
1569 1672 1694 1712 Ptole.-

427 1739 631 1773 maeorum
647 1726 800 1772 dicitur,
822 1739 907 1779 pag.
932 1740 979 1765 22
996 1726 1047 1765 A.
1071 1727 1134 1765 ubi
1151 1728 1276 1778 plures
1298 1737 1560 1766 memorantur
1583 1739 1693 1779 reges

426 1779 607 1821 Deorum
625 1782 783 1820 nomina
796 1780 1030 1831 usurpantes.
1049 1780 1100 1825 At
1117 1793 1242 1833 neque
1255 1793 1412 1834 quartus,
1423 1793 1548 1833 neque
1563 1781 1695 1820 undeci-

428 1849 526 1882 mus,
542 1833 602 1874 sed
616 1835 761 1879 decimus
774 1845 866 1874 erat.
884 1835 974 1873 Vid.
987 1834 1178 1874 Tabulam
1195 1834 1383 1874 Cbronol.
1403 1834 1598 1886 Humphr.
1613 1834 1693 1874 Pri-

427 1888 566 1928 deaux.
588 1887 690 1927 Idem
714 1889 816 1927 enim
838 1887 890 1928 est
913 1901 1004 1928 cum
1018 1889 1164 1937 Aulete,
1184 1889 1244 1934 cui
1268 1887 1438 1932 succeffit
1460 1887 1695 1940 Cleopatra,

427 1955 564 1994 regum
590 1942 763 1995 Aegypti
786 1943 918 1982 ultima
934 1972 946 1990 ‚
972 1942 1096 1993 primo
1119 1953 1245 1982 tamen
1273 1956 1352 1982 una
1384 1954 1472 1983 cum
1496 1942 1611 1982 fratre
1635 1954 1694 1982 re·

428 2008 559 2049 gnans.
578 1995 658 2035 Nifi
680 1995 781 2035 forte
807 1996 866 2035 hic
887 1996 1066 2036 Διόνυσος
1087 1996 1175 2045 Νέος
1200 1997 1284 2039 ideo
1305 1996 1392 2036 Νέος
1417 1997 1578 2044 dicatur,
1602 1996 1694 2049 quia

426 2051 502 2090 iam
518 2061 604 2096 ante
616 2063 705 2090 eum
721 2049 833 2096 alius,
851 2063 988 2102 nempe
1002 2063 1162 2103 quartus
1177 2050 1237 2090 ille
1249 2081 1261 2097 ,
1280 2049 1458 2091 Διόνυσος
1474 2050 1594 2091 ἁίἑὶυε
1613 2050 1694 2090 fue·

427 2104 495 2150 rit,
511 2117 586 2156 qua
599 2104 645 2143 de
661 2117 701 2152 re
717 2117 821 2145 nunc
834 2105 1026 2157 inquirere
1041 2117 1120 2143 non
1135 2116 1260 2145 vacat.
1282 2105 1398 2144 Certe
1416 2115 1577 2156 uterque
1593 2104 1693 2150 Bac-

430 2158 490 2199 chi
506 2158 663 2198 nomine
675 2171 753 2197 non
766 2158 941 2210 indignus
953 2188 966 2204 ‚
982 2158 1009 2196 s1
1024 2158 1059 2197 id
1073 2159 1237 2198 nominis
1251 2171 1327 2197 non
1341 2158 1388 2196 ab
1404 2157 1586 2206 Ethnicis,
1600 2158 1694 2198 Bac-

428 2213 544 2255 chum
567 2221 609 2251 ut
632 2224 772 2256 numen
795 2212 1027 2261 colentibus,
1050 2211 1112 2257 sed
1127 2226 1149 2252 a
1173 2213 1283 2253 nobis
1306 2211 1396 2256 effer
1415 2212 1599 2261 inditum,
1624 2211 1693 2266 qui

429 2264 684 2313 exsecramur.
700 2265 859 2305 SOLAN.

486 2320 565 2357 ibid.
581 2319 635 2369 Τῷ
647 2319 810 2369 Διονύσῳ
827 2318 1094 2374 ἐπικληθέντι)
1120 2319 1209 2374 Qui
1231 2320 1456 2361 undecimus
1476 2317 1548 2360 fuit
1565 2317 1694 2360 Ptole-

431 2385 647 2417 maeorum.
661 2373 797 2413 TOLL.

485 2429 558 2468 cad.
574 2427 598 2466 l.
616 2442 650 2481 3.
664 2430 729 2469 Τὶιν
751 2428 994 2473 Πλατωνικὸν
1015 2424 1242 2486 Δημήτριον)
1263 2427 1385 2475 Cuius
1409 2428 1449 2480 δι
1469 2426 1694 2477 Antoninus
