1783 3403
321 194 394 242 IN
425 195 512 242 DE
548 195 781 243 MORTE
817 193 1172 241 PEREGRINI.
1299 209 1395 260 549

110 283 195 332 'cap
218 278 282 327 48.
310 280 430 322 Κινεῖν
452 281 671 324 misevwiv
685 310 697 329 ‚
725 281 916 336 magistrum
934 295 1046 334 urgere
1067 312 1078 330 ,
1107 281 1239 322 Liban.
1274 283 1393 337 Epist.

116 331 178 372 18.
201 333 344 373 Rerrz.
1188 375 1190 377 ,

169 390 244 425 ead.
269 388 292 428 l.
315 401 374 440 13.
391 387 576 439 Γραΐὲιοι,
597 384 721 441 χήρας
741 388 875 442 τινὰς)
898 387 1058 441 Duplex
1077 388 1138 428 hic
1152 420 1165 436 ‚
1182 390 1224 431 δι
1245 401 1394 430 utrum-

112 452 194 493 que
218 439 310 480 sane
337 441 509 493 insigne,
531 441 770 481 Christianae
803 454 886 482 tum
920 441 1153 482 fortitudinis
1191 454 1271 481 tum
1297 445 1396 484 cari-

112 494 219 539 tatis,
233 495 510 534 documentum
524 508 572 534 ex
592 495 677 548 ipso
698 497 945 536 inimicorum
960 509 1032 536 ore
1047 497 1166 535 audis.
1182 497 1297 536 Haud
1312 499 1396 537 exi-

111 559 239 600 guum
254 549 355 588 enim
375 559 460 587 erat
483 549 721 602 periculum,
745 550 810 588 cui
834 548 874 589 se
898 549 949 590 fic
972 549 1187 590 offerebant
1213 550 1396 591 Christia-

114 601 182 647 ni,
201 613 291 640 cum
312 601 568 642 Christianum
591 601 666 642 effe
689 603 814 655 vulgo
831 604 992 656 capitale
1017 602 1118 644 effet.
1139 603 1396 645 Immemores

115 663 252 695 tamen.
274 656 437 708 periculi
473 656 725 702 accedebant,
759 669 844 709 pars
871 658 1038 697 audituri
1071 658 1301 704 docentem,
1332 659 1394 698 alii

111 707 384 757 consolaturi,
406 720 473 749 aut
504 709 709 750 necessaria
739 711 957 762 praebituri.
985 711 1040 751 Ut
1075 711 1146 750 nlsl
1175 711 1392 764 superstitio

117 773 266 802 mentes
286 762 542 809 excaecasset,
558 764 748 803 laudaturi
775 763 924 805 fuiffent
955 766 1019 805 vel
1039 764 1108 818 ipfi
1132 765 1284 805 Ethnici
1309 765 1395 806 reli-

118 816 276 868 gionem
289 816 564 867 Christianam,
577 830 694 870 quae,
712 819 818 870 quod
833 818 900 869 ipsi
917 819 955 858 in
967 831 1155 872 perquam
1173 820 1318 872 paucis,
1332 819 1395 858 iif-

115 871 356 921 que-eximiis
369 872 515 918 amicis,
538 873 662 910 mirati
680 871 786 918 sunt,
805 872 1072 913 viliffimorum
1090 874 1128 911 in
1141 872 1305 925 speciem
1324 873 1394 914 ho·

118 924 266 966 minum
293 925 490 965 mentibus
511 924 778 965 fortitudinem
808 937 979 976 tantam,
1010 937 1231 980 tantamque
1264 928 1395 967 amici-

116 977 219 1017 tiam.
236 978 534 1031 ingeneraverit.
555 980 682 1025 Vide,
707 981 859 1032 quantis
883 980 960 1034 ipse
983 981 1174 1021 Lucianus
1203 980 1331 1020 officia
1353 994 1395 1021 e-

116 1030 288 1071 iusmodi
305 1033 440 1072 amicis
460 1032 637 1085 praestita
663 1033 703 1071 in
727 1033 797 1073 suo
821 1034 968 1074 Toxari
987 1034 1162 1074 laudibus
1184 1035 1393 1076 extulerit!

118 1084 283 1137 Qui-fit,
304 1098 372 1135 ut,
391 1099 490 1138 quae
511 1088 549 1126 in
569 1087 652 1126 aliis
677 1087 926 1135 admirantur,
948 1089 985 1127 in
1001 1089 1083 1128 aliis
1102 1087 1230 1128 rursus
1244 1089 1392 1128 rideant

120 1140 162 1179 &
191 1139 414 1181 exfibilent..>
447 1141 664 1194 summique
695 1142 833 1182 heroes
856 1143 1073 1188 videantur,
1105 1143 1172 1195 qui
1194 1142 1322 1182 amico
1351 1144 1392 1190 in

118 1204 272 1234 carcere
296 1194 415 1234 adsint
445 1195 636 1234 malorum
659 1196 886 1247 participes;
905 1195 1134 1242 Christiani,
1166 1197 1296 1235 eadem
1325 1207 1393 1236 aut

118 1247 269 1289 maiora
286 1248 515 1300 praestantes
529 1279 539 1296 ‚
561 1250 755 1288 dementes
769 1249 1009 1289 habeantur?
1032 1250 1103 1288 His
1118 1261 1246 1289 autem
1260 1250 1364 1289 leffis
1378 1279 1393 1298 ,

117 1301 440 1354 quisveeordiam
461 1315 701 1354 nuperorum
723 1303 969 1354 quorundam
990 1303 1192 1341 hominum
1214 1302 1300 1342 satis
1325 1304 1394 1342 mi-

119 1355 194 1396 rari
216 1355 330 1409 poffit
341 1386 352 1404 ‚
373 1357 440 1409 qui
457 1355 557 1395 inter
571 1356 664 1396 alias
678 1357 818 1395 multas
832 1356 995 1396 eiusdem
1013 1355 1394 1403 farinaevcalumnias,

118 1409 219 1451 hanc
237 1409 432 1463 operisuo
456 1409 720 1458 inseruerunt,
746 1412 853 1461 Quod
867 1411 1054 1463 christiana
1070 1410 1187 1461 religio
1201 1410 1323 1448 nullibi
1344 1412 1395 1449 ad

119 1464 308 1512 amicitiam
329 1465 508 1504 hortetur?
528 1464 699 1504 Vetulae
721 1475 873 1510 autem,
891 1476 986 1516 quas
1016 1474 1226 1512 memorat,
1254 1464 1393 1503 Diaco-

117 1517 223 1569 nffze
245 1518 426 1558 videntur
454 1517 590 1563 fuiffe,
616 1518 662 1557 de
686 1518 827 1570 quibus
851 1518 1007 1558 consule
1029 1517 1078 1557 G.
1102 1516 1257 1557 Cavum
1285 1518 1323 1556 in
1350 1517 1395 1556 li-

118 1571 218 1619 bro,
233 1585 354 1625 quem
369 1575 408 1611 de
417 1572 537 1625 primis
555 1572 753 1624 Christianis
764 1570 907 1624 scripsit
919 1601 929 1617 ‚
952 1572 1098 1624 quique
1115 1571 1288 1610 omnium
1310 1584 1394 1609 ma-

118 1626 235 1667 nibus
252 1627 394 1666 merito
414 1625 564 1674 teritur,
585 1638 671 1678 pag.
685 1626 772 1674 246.
793 1625 903 1664 Adde
918 1624 1030 1679 Orig.
1049 1637 1082 1664 c.
1102 1623 1201 1664 Cels.
1225 1624 1284 1671 11,
1305 1636 1390 1678 pag.

122 1691 196 1728 141
223 1681 265 1720 δι
295 1694 382 1728 144.
408 1679 567 1720 somn.

118 1766 121 1769 .
173 1735 248 1773 ead.
263 1735 286 1772 l.
307 1747 320 1772 t
333 1747 365 1785 5.
379 1733 531 1773 Δεῖπναι
550 1732 735 1785 ποικίλοι)
754 1732 868 1785 Quas
881 1745 1022 1773 coenas
1038 1743 1154 1772 vocat
1175 1731 1323 1772 varias?
1342 1743 1393 1771 an

121 1787 294 1840 dapsiles,
308 1787 502 1840 opiparas,
517 1787 558 1827 &
571 1800 666 1840 quas
679 1787 937 1827 Terentianus
949 1786 1134 1839 parasitus
1146 1817 1158 1832 ‚
1174 1786 1212 1825 δι
1224 1814 1236 1833 ,
1251 1785 1336 1838 post
1353 1786 1395 1823 il-

121 1841 217 1890 lum,
233 1842 442 1889 Horatius,
457 1842 592 1881 dubias
611 1840 804 1893 appellat?
826 1841 888 1880 Nil
901 1841 986 1880 tale.
1001 1841 1147 1879 Aei‘woe
1169 1840 1328 1878 ποικίλα
1342 1838 1394 1878 nil

123 1896 226 1938 aliud
238 1893 348 1940 sunt,
361 1908 479 1948 quam
493 1896 598 1948 quod
611 1895 725 1946 primi
739 1894 944 1934 Christiani
957 1894 1126 1948 ἀγάπαις
1141 1892 1366 1933 vocitabant
1381 1909 1392 1933 :

121 1965 244 1990 coenas
257 1949 381 2001 sacras
402 1948 523 1995 reete,
547 1950 702 2001 opinor,
720 1949 874 1987 dixeris.
891 1948 974 1987 Cur
995 1958 1123 1986 autem
1148 1946 1192 1985 sit
1216 1947 1264 1985 ita
1282 1947 1395 1984 intel-

121 2003 298 2056 ligendus
317 2004 380 2044 hic
408 2003 544 2050 locus,
569 2015 752 2057 perquam
778 2001 886 2042 facile
906 2001 1028 2053 potest
1058 1999 1304 2040 demonstrari
1330 2000 1395 2048 vel

123 2057 204 2098 hoc
223 2070 304 2097 uno
326 2069 578 2110 argumento,
603 2056 710 2110 quod
729 2069 825 2095 mox
846 2055 1060 2108 subiungit,
1087 2054 1150 2092 καὶ
1178 2054 1259 2103 ἱεροὶ
1281 2053 1394 2107 λόγοι

124 2107 252 2154 αὐτῶν
273 2111 476 2165 ἑλέξγσντο,
493 2109 615 2163 fizcras
642 2111 687 2149 ibi
706 2111 879 2149 conciones
898 2110 1033 2147 habitas
1047 2107 1163 2159 fuzffe.
1191 2108 1395 2146 Notandus

123 2165 188 2206 hic
215 2165 325 2205 locus
342 2166 392 2204 ab
409 2165 452 2205 iis
473 2164 617 2211 fuerat,
640 2164 709 2216 qui
728 2164 773 2203 de
795 2162 977 2203 nascentis
997 2160 1186 2201 Ecclesiae
1207 2162 1394 2212 tempori-

126 2219 211 2265 bus,
225 2218 413 2272 scripsere.
440 2219 618 2258 Ridicule
639 2231 737 2258 vero
754 2218 942 2257 Batonius
956 2247 968 2263 ‚
991 2217 1083 2268 qui,
1107 2216 1196 2254 dum
1219 2216 1266 2254 de
1284 2214 1395 2253 Peres

126 2273 240 2326 grino
256 2283 409 2326 ageret,
431 2273 549 2313 vertit
561 2302 574 2318 ‚
593 2272 702 2312 omnis
716 2272 841 2325 generis
866 2286 986 2310 coenas
1005 2269 1134 2308 dubias.
1152 2268 1308 2307 FABER.
1327 2267 1393 2307 De

125 2326 433 2367 Christianorum
457 2327 601 2379 Agapis
623 2326 716 2365 haec
738 2324 866 2377 vulgo
882 2324 1162 2375 intelliguntur:
1183 2322 1321 2360 merito
1330 2336 1342 2368 3
1364 2320 1392 2370 si

123 2380 238 2421 fimul
256 2379 497 2426 observetur,
512 2392 708 2420 oratorem
722 2379 825 2418 illum
839 2379 1088 2424 Ludaneum,
1105 2374 1167 2415 seu
1182 2375 1393 2415 Lucianum

127 2433 249 2487 ipsum
273 2433 341 2474 sub
363 2434 471 2474 larva
497 2434 580 2480 illa,
599 2434 638 2472 in
663 2433 800 2471 malam
823 2432 861 2470 id
882 2432 1030 2471 trahere
1058 2441 1202 2480 partem
1217 2460 1228 2476 ‚
1246 2430 1390 2480 quippe

127 2499 191 2529 cut
219 2487 409 2532 nonsatis
430 2485 953 2543 perspe&a.Christianorum
979 2482 1294 2578 iffmta'effem'
1318 2483 1394 2521 Ar-

1061 2550 1097 2576 m
1130 2551 1148 2590 3
