1783 3403
200 218 269 265 IN
290 181 577 266 CALUmN.
597 218 742 267 NON
762 217 1027 265 TEMERE
1041 219 1216 267 caiz-D.
1274 235 1362 287 405

99 303 151 345 fic
167 315 210 345 ut
225 309 269 346 τὸ
289 305 354 345 οἴει
372 305 554 345 vitiosum
576 305 649 346 effe
661 335 674 354 ‚
692 307 822 359 quivis
841 305 949 347 facile
965 306 1230 358 deprehendat..
1246 306 1364 349 Cere.-

99 372 164 399 rae
186 360 344 398 mendae
369 359 584 399 manifestae
603 360 697 399 sunt.
721 360 843 399 Posset
867 371 996 399 autem
1017 364 1061 399 τὸ
1083 365 1228 408 ποίημα
1247 360 1363 410 facies

97 413 224 460 verti3
239 412 308 451 nist
331 414 415 464 quis
433 415 675 463 προσποίημα
694 425 783 452 cum
808 413 1014 452 Plutarcho
1032 413 1149 452 malit:
1165 413 1274 452 cuius
1290 427 1365 453 vo-

97 465 151 505 cis
167 467 245 504 vim
260 465 401 506 Cicero
419 466 592 518 pluribus
606 467 793 519 explicat,
808 467 870 505 lib.
886 466 921 505 11
943 467 990 505 de
1010 465 1179 506 Oratore
1193 479 1275 518 cap.
1292 481 1363 516 14„

97 531 138 558 ut
157 534 231 558 cum
248 521 283 557 in
295 518 370 572 sble
386 521 548 558 ambulem
561 549 572 566 ‚
588 521 716 571 etiamst
728 522 834 559 aliam
855 521 896 559 ob
917 520 1055 571 causam
1079 520 1266 567 ambulem,
1278 521 1361 571 fieri.

95 585 222 612 natura
239 584 348 612 tamen
360 604 371 620 ,
390 585 431 611 ut
455 573 596 615 colorem
616 573 679 612 De
696 574 875 613 Amicitia
896 573 1005 613 locus
1023 572 1076 612 est
1091 574 1253 612 eximius
1265 601 1276 619 ‚
1296 573 1358 614 sed

93 626 294 678 prolixior,
316 627 415 679 apud
431 627 635 665 Horatium
655 626 716 665 lib.
739 627 777 673 Ι,
796 627 872 666 Sat.
892 640 926 677 3,
942 627 1005 666 ubi
1027 628 1177 666 tandem
1191 626 1360 670 livorem

93 679 265 718 nostrum
278 710 290 726 ,
303 680 342 719 &
359 681 472 723 animi
488 681 708 732 aeruginem
725 680 954 732 perstringit,
981 681 1127 720 dicens:
1147 682 1200 719 At
1215 696 1277 719 nos
1289 681 1360 719 vir-

95 745 184 773 tutes
210 732 305 785 ipsas
326 734 545 781 invertimus;
568 745 666 786 atque
692 734 863 774 sincerum
889 735 1043 784 cupimus
1065 749 1131 772 vas
1163 735 1357 785 incrustare.

93 787 242 838 probus
256 788 333 838 quis
353 787 538 838 Nobiscum
552 788 666 826 vivit?
685 788 849 829 multum
863 787 1036 827 demiffus
1046 788 1180 826 homo.
1195 787 1245 826 illi
1257 788 1357 828 Tar.

91 840 144 878 do
169 855 347 893 cognomen
373 842 504 893 pingui
527 842 670 880 damus.
685 856 749 894 pro
775 841 871 880 bene
894 840 1008 888 sano,
1035 842 1091 880 Ac
1119 854 1197 880 non
1225 842 1358 885 incau-

89 902 155 941 to,
174 892 326 940 fictum,
352 894 595 947 astutumque
621 910 780 934 vocamus
807 894 881 934 διε.
916 894 1026 934 Plura
1057 895 1101 933 ad
1128 895 1278 934 Lucret.
1311 895 1352 938 δι

90 947 296 987 Horatium
313 947 714 1001 Lambinuscongeffit
726 961 845 1001 ,quae
859 947 1069 988 describere
1084 949 1194 994 nolo,
1210 962 1256 988 ne
1272 949 1358 990 alie·

90 1013 163 1040 nae
180 1000 346 1041 fructum
363 1002 577 1054 diligentiae
593 1003 719 1041 videar
736 1003 834 1042 velle
853 1003 1084 1053 intercipere.
1097 1002 1232 1041 Tou..

142 1057 215 1093 ead.
233 1055 257 1094 l.
275 1069 310 1105 7.
327 1059 392 1094 Τὸν
407 1059 634 1107 τυραννικὸν)
652 1056 784 1095 Malim
800 1087 813 1103 ‚
829 1057 1038 1108 tyrannidis,
1057 1056 1118 1095 vel
1135 1056 1275 1109 tyranni
1289 1056 1353 1095 mb-

89 1109 376 1161 nistrum,quam
397 1121 583 1160 tyrannum
596 1141 608 1158 ‚
625 1122 787 1150 vertere.
801 1110 934 1149 Tou..
951 1111 1095 1149 Mutuo
1111 1109 1147 1149 se
1161 1110 1353 1161 explicant

87 1160 104 1199 ὃ
127 1162 323 1206 βασιλικὶς
337 1163 639 1214 apud-Ioannem
664 1164 939 1215 Evangelistam
964 1179 988 1211 4
1004 1194 1015 1209 ‚
1039 1165 1088 1210 46
1105 1194 1116 1212 ,
1138 1164 1178 1203 δι
1201 1165 1260 1202 hic
1280 1177 1352 1204 no-

85 1213 159 1254 ster
182 1218 401 1268 τυροιννικὸς.
424 1218 515 1257 Non
538 1216 591 1257 est
613 1228 803 1268 tyrannus
820 1216 928 1269 ipse&
950 1220 1169 1269 τυραννικὸς,
1194 1216 1254 1256 sed
1279 1219 1352 1257 mi-

84 1268 198 1309 nister
213 1271 446 1320 tyrannidis,
467 1271 620 1310 humilis
639 1271 737 1323 apud
755 1282 961 1322 tyrannum
976 1299 987 1317 ,
1013 1272 1058 1309 ad
1074 1271 1348 1324 opprimendos

83 1322 190 1362 cives
203 1336 362 1376 operam
383 1323 484 1364 suam
505 1325 559 1364 illi
581 1325 856 1369 commodans,
876 1335 979 1363 certe
1002 1324 1185 1375 pollicens
1198 1354 1208 1371 ‚
1228 1337 1347 1376 atque

84 1388 330 1428 opportunus
344 1378 397 1417 ob
412 1379 446 1416 id
462 1377 579 1431 ipsum
601 1377 831 1430 suspicioni,
854 1377 958 1416 illum
975 1378 1070 1422 adeo
1090 1377 1218 1416 sedulo
1233 1391 1348 1429 agere

83 1431 239 1477 omnia,
261 1432 317 1471 uti
333 1432 557 1483 proditionis
579 1431 778 1473 confilium
804 1442 927 1483 tegat:
951 1443 994 1470 ut
1019 1431 1079 1470 ille
1101 1431 1347 1478 Callicrates,

82 1484 152 1535 qui
163 1513 176 1532 ‚
188 1485 276 1524 dum
291 1484 327 1525 se
339 1489 548 1536 τυραννικὸν
564 1485 710 1529 simulat
735 1488 833 1538 apud
849 1485 1019 1525 Dionem
1033 1484 1319 1537 Syracusanum
1331 1515 1345 1535 ‚

79 1537 186 1577 illum
201 1539 351 1578 evertit.
369 1539 455 1579 Vid.
470 1540 608 1591 Nepos⁴
623 1553 667 1578 ιο
680 1570 692 1585 ,
712 1539 748 1578 8.
761 1538 888 1583 ΟΕεΝ.

135 1595 209 1630 ead.
229 1594 252 1631 l.
271 1606 327 1632 ιι.
347 1593 464 1641 Φασὶ)
485 1593 531 1633 In
553 1594 733 1633 omnibus
755 1593 858 1632 libris
874 1592 1011 1633 nostris
1030 1592 1150 1644 φησὶ,
1164 1593 1345 1646 quamvis

81 1657 233 1685 vertant
245 1677 256 1694 ,
277 1647 453 1700 inquiunt:
470 1660 544 1699 ego
566 1648 727 1687 mutavi.
745 1647 902 1686 SOLAN.

133 1702 207 1740 ead.
220 1702 242 1738 l.
261 1715 318 1754 13-
334 1700 374 1739 ‘H
397 1701 648 1754 Στρατονίκη)
664 1700 802 1741 Allufit
819 1701 952 1753 partim
976 1700 1021 1740 ad
1045 1699 1234 1740 historiam
1258 1700 1345 1741 An-

79 1753 200 1793 tiochi
219 1754 367 1798 Seleuci
383 1753 430 1794 R'·.
443 1754 509 1794 filii
522 1785 534 1801 ,
549 1756 615 1807 qui
630 1767 821 1794 novercae
835 1767 966 1794 amore
981 1755 1143 1805 flagrans
1157 1767 1234 1807 ope
1252 1756 1345 1794 Me-

78 1808 151 1846 dici
176 1809 261 1853 voti
285 1821 449 1860 compos
473 1807 542 1848 fuit
568 1807 720 1848 factus:
743 1810 877 1860 partim
903 1810 947 1848 ad
981 1809 1237 1855 calumniam,
1262 1822 1342 1861 qua

78 1860 308 1902 Combabus
334 1862 406 1903 fuit
423 1863 668 1916 impugnatus
691 1863 789 1914 apud
810 1863 971 1902 eundem
998 1862 1198 1905 Seleucum
1214 1893 1226 1910 ,
1249 1876 1292 1903 ac
1312 1862 1342 1906 fi

78 1914 310 1956 Stratonices
326 1915 596 1956 manifestarius
610 1917 757 1955 adulter
775 1915 875 1955 effet.
898 1917 1112 1968 Utramque
1133 1915 1259 1955 noster
1281 1914 1344 1955 fu-

77 1967 116 2008 se
137 1971 298 2022 exponit
318 1970 354 2008 in
371 1970 499 2010 libello
517 1971 562 2012 de
584 1970 668 2011 Dea
682 1970 816 2020 Syria:
837 1970 936 2013 illam
953 1968 1175 2010 Plutarchus
1200 1971 1238 2008 in
1262 1971 1342 2010 vita

79 2021 270 2063 Demetrii
286 2023 546 2063 Poliorcetae:
573 2038 687 2076 quam
707 2025 872 2063 breviter
896 2025 984 2063 item
1002 2023 1137 2063 Noster
1158 2024 1279 2075 attigit
1300 2025 1341 2063 in

77 2076 396 2130 Icaromenippo:
419 2078 604 2118 Σελεύκου
621 2077 666 2116 δὲ
679 2078 868 2131 Ἀντίοχον
889 2076 996 2128 ἑώρων
1012 2078 1239 2129 Στρατονίκῃ
1253 2077 1342 2119 estet.-

76 2131 228 2177 νεὺοντσι
241 2131 355 2183 λάθρα.
370 2130 418 2181 τῇ
431 2130 608 2184 μητρυϊᾷ,
621 2133 752 2174 Seleuci
766 2146 877 2170 autem
884 2133 1002 2183 filium
1023 2132 1230 2170 Antiochum
1249 2132 1339 2170 vide-

76 2186 153 2224 bam
173 2186 261 2230 clam
278 2186 490 2224 Stratonicae
512 2201 670 2225 novercae
688 2187 887 2224 innuentem.
915 2186 972 2229 Ex
993 2186 1062 2223 hac
1085 2183 1238 2223 historia
1259 2185 1340 2224 effi·

75 2239 174 2278 clam
202 2239 318 2279 habes
341 2241 667 2279 narratiunculam
690 2240 790 2292 apud
804 2239 1086 2279 Aristaenetum
1107 2238 1201 2277 lib.1
1227 2238 1338 2290 Epist.

79 2305 136 2344 13.
164 2291 331 2345 Reposui
355 2304 508 2337 autem,
524 2294 641 2334 eiecta
661 2295 781 2332 uxoris
805 2306 930 2340 voce,
951 2305 1094 2332 nomen
1113 2293 1337 2344 proprium,

76 2346 117 2385 in
133 2360 213 2399 quo
233 2348 278 2386 ad
305 2346 495 2389 historiam
517 2346 726 2400 respicitur,
745 2360 860 2399 quam
882 2345 1138 2398 exposuimus.
1166 2346 1264 2385 Mox
1282 2346 1340 2386 le·

74 2412 161 2452 gam
187 2399 316 2440 ἀηὲἡς.
333 2400 523 2451 Interpres
543 2413 623 2440 non
646 2402 755 2440 nimis
781 2402 876 2440 bene
898 2401 1022 2441 vertit,
1036 2400 1171 2439 Tol-1..
1186 2399 1339 2439 Adver-

73 2453 204 2493 santur
227 2454 320 2494 haec
334 2454 419 2494 fidei
435 2454 639 2505 historiae3
661 2467 776 2494 nemo
790 2454 889 2493 enim
907 2454 969 2494 vel
993 2454 1177 2493 tantillum
1200 2454 1340 2493 Antio-

72 2507 136 2551 chi
163 2520 335 2550 amorem
359 2508 616 2550 subodoratus
637 2521 720 2549 erat
735 2537 749 2558 ,
772 2521 887 2563 quem
913 2507 1234 2602 arsCHerasistrati
1261 2506 1348 2550 sola.

1027 2574 1047 2602 Ε
1079 2575 1097 2617 3
