1835 3408
435 175 525 238 338
794 171 1361 220 VARIAE

430 265 492 303 col.
511 277 543 302 2.
559 264 763 314 Λαρίσσης)
779 262 959 314 Λαρίσσου
981 262 1032 300 V.
1064 261 1088 299 l.
1105 273 1167 299 21.
1181 260 1246 299 col.
1268 273 1297 299 1.
1314 259 1452 313 Σίγμα
1464 258 1712 315 σαμπφὸραι)

430 318 506 357 Pro
521 318 651 371 afwa.
666 318 804 357 iterum
829 317 960 367 σαμπι
986 314 1187 367 legendum
1213 326 1344 368 monet
1359 314 1488 354 Solan.
1511 316 1563 354 nil
1579 326 1712 365 tamer}

432 373 619 420 mutavit3
638 369 699 410 sed
715 369 946 422 σαμπφόραι
971 369 1011 407 in
1026 365 1175 407 textum
1196 369 1339 420 recepit
1352 380 1402 407 ex
1416 366 1464 408 C.
1486 381 1577 408 cum
1597 377 1711 408 coe-71·-

432 426 534 477 φόραι
552 435 705 465 tantum
725 426 866 465 editum
882 421 985 463 effer.
1007 422 1051 460 In
1065 422 1117 462 V.
1130 422 1382 474 veroa-(pro
1396 421 1459 475 3)
1475 435 1568 461 mox
1588 423 1708 463 etiam

434 480 593 519 Νυσαῖος
618 492 689 531 pro
715 478 882 521 Νισαῖος,
905 477 995 515 item
1015 474 1118 515 Ννῖσα
1141 489 1211 527 pro
1233 476 1356 524 Νίσα,
1374 488 1418 514 ac
1441 475 1608 516 Mnaeeiae
1635 489 1710 528 pro

434 534 583 573 Μηδίας
600 532 933 585 legebatur,quod
949 531 1085 570 eodem
1103 531 1196 569 duce
1213 531 1370 569 mutavi.
1390 530 1498 582 Reitz.
1554 530 1644 583 Pag.
1665 529 1704 570 8.

432 589 457 627 l.
478 601 508 626 1.
523 588 592 626 Καὶ
609 586 783 640 ἐγένετο)
800 585 861 624 Nil
876 595 968 624 mut.
987 584 1070 623 edd.
1088 584 1217 623 Καίτοι
1243 583 1304 636 ἐγ.
1328 583 1414 623 vult
1428 583 1576 623 Marcil.
1605 585 1628 624 l.
1644 597 1706 638 ¹3·

434 639 594 692 Χρυσοῦς
616 639 824 691 ἐμβάτας)
846 638 1010 691 Legend.
1033 636 1186 691 χρυσᾶς
1205 637 1385 687 ἑμβαὸας
1407 638 1509 677 addit
1529 636 1712 679 Solanus.

435 695 527 746 Pag.
540 710 577 748 9.
593 696 615 732 l.
632 709 664 746 3.
677 693 720 733 ‘O
740 693 939 745 Θερσίτης)
954 692 1044 731 Non
1062 704 1260 742 comparet
1275 692 1312 729 in
1330 693 1383 730 Fl.
1436 692 1460 729 l.
1482 703 1542 741 13.
1558 686 1711 746 Αὗτοῦ)

433 747 536 798 αὐτῷ
550 759 668 800 marg.
685 750 737 786 A.
757 761 790 786 1.
829 747 852 784 l.
871 745 928 785 18.
945 744 1304 798 ‘Tmpvrnshcewo
1324 743 1617 798 fiorepvrnsiicwf
1631 746 1712 785 edi-

434 815 472 841 ta
486 832 498 848 ‚
513 802 680 840 mutavit
698 800 827 841 Solan.
888 801 978 852 Pag.
1007 813 1062 839 10.
1079 799 1102 837 l.
1128 814 1159 838 1.
1180 799 1396 851 Πορφυρᾶν)
1413 799 1476 839 Sic
1489 800 1715 840 emendavit

435 855 564 895 Solan.
589 857 775 907 Πορφυραν
800 854 887 894 edd.
902 853 1038 907 vulgo.
1096 853 1186 906 pag.
1205 868 1218 891 1
1232 867 1262 891 1.
1277 855 1301 892 l.
1318 868 1351 906 3.
1369 852 1469 906 Καὶ)
1489 850 1633 892 Omisit
1653 855 1713 896 Fl.

436 911 459 947 I.
475 923 511 963 9.
523 902 656 962 “om)
668 909 760 947 ὅλως
775 909 802 947 I.
817 909 856 948 δι
876 909 919 946 V.
938 922 972 947 2.
991 907 1098 946 Prius
1113 908 1296 959 reliquae.
1325 908 1418 958 Pag.
1438 920 1500 946 12.
1513 907 1538 946 l.
1557 921 1592 961 9.
1610 913 1716 958 Ξυμ-

434 962 768 1018 μαστιγουμένης)
788 967 1112 1015 Ζυμμαστιγουμ.
1131 962 1227 1001 male
1240 961 1285 999 B.
1305 974 1336 999 1.
1373 961 1399 1000 l.
1416 974 1430 999 1
1442 975 1474 1000 1.
1492 961 1717 1015 Κόλλοπας)

437 1016 559 1057 Κεξὶε
573 1016 658 1057 edd.
677 1029 829 1069 praeter
843 1017 870 1056 I.
887 1015 928 1054 δε
951 1018 992 1054 V.
1014 1030 1046 1053 2.
1061 1028 1160 1068 quae
1175 1016 1394 1054 κόλλωπας.
1454 1015 1547 1068 Pag.
1564 1028 1578 1053 ι
1590 1029 1624 1069 3.
1636 1017 1660 1054 l.
1674 1017 1715 1057 6.

440 1076 457 1109 s
461 1070 543 1124 Ιερῖ)
556 1072 616 1110 Ita
628 1071 727 1111 bene
740 1071 827 1109 Ald.
850 1071 880 1109 1.
895 1071 949 1109 H.
963 1070 1006 1108 Ρ.
1019 1070 1065 1107 Β.
1078 1082 1108 1108 ι.
1127 1072 1166 1108 S.
1183 1071 1292 1121 Παρὰ
1308 1069 1361 1108 Fl.
1378 1069 1419 1108 L.
1432 1068 1474 1108 δι
1486 1081 1605 1121 marg.
1616 1069 1667 1109 A.
1678 1083 1713 1111 1-.

438 1126 462 1163 Ι.
485 1139 496 1163 ι
510 1139 542 1164 1.
557 1125 614 1164 Εἰς
628 1120 845 1176 rtbv‘sssspov)
861 1125 969 1164 Haec
982 1123 1022 1163 δι
1038 1122 1139 1176 seqq.
1152 1136 1173 1162 a
1191 1123 1282 1173 λύρα
1296 1123 1341 1161 ad
1353 1123 1445 1189 λύρᾳ
1458 1122 1591 1163 desunt
1605 1123 1641 1162 in
1655 1124 1714 1165 Fl.

437 1181 462 1219 l.
480 1193 539 1233 13.
554 1179 636 1218 Ἐπὶ
650 1178 704 1229 τῷ
724 1177 868 1230 Ὀρφεῖ,
890 1174 938 1217 ὦς
958 1177 1101 1231 λόγος)
1126 1177 1191 1216 ἐπὶ
1204 1177 1258 1227 τῷ
1274 1176 1433 1229 Ὀρφειῳ
1456 1175 1563 1230 Λόγῳ
1590 1190 1718 1231 marg.

439 1234 491 1274 A.
512 1247 544 1272 1.
594 1234 618 1272 l.
637 1247 696 1284 17.
708 1234 772 1273 col.
787 1247 821 1273 2.
836 1231 1246 1284 Καταπεφρονημένως)
1264 1230 1325 1270 Sic
1339 1231 1439 1270 dedit
1457 1230 1624 1271 Solanus
1639 1245 1715 1285 pro

438 1287 548 1340 vulg.
564 1287 954 1340 καταπεφρονημένος,
978 1286 1017 1325 &
1035 1286 1123 1337 παρ’
1145 1283 1245 1334 ἡμῖν,
1264 1297 1336 1336 pro
1364 1285 1469 1325 edito
1484 1286 1575 1338 παρ’
1597 1284 1717 1337 ἶιμῶν.

440 1342 532 1394 Pag.
551 1355 609 1390 14.
631 1342 653 1379 l.
668 1357 705 1390 4.
726 1339 1025 1392 Πυνθανόμενον)
1046 1340 1103 1378 lta
1119 1340 1172 1378 Fl.
1189 1340 1235 1378 B.
1257 1352 1287 1380 ι.
1307 1340 1359 1378 H.
1375 1338 1454 1378 &c.
1473 1338 1664 1391 Πυθανόμ.
1680 1341 1717 1382 Ι.

433 1395 481 1435 ’δε
495 1397 551 1435 Fr.
569 1394 713 1434 Forsan
728 1395 932 1445 πυθὸμενον
947 1394 1123 1434 voluere.
1154 1393 1243 1445 Pag.
1263 1406 1324 1443 15.
1343 1394 1364 1432 l.
1379 1408 1412 1446 3.
1425 1393 1524 1447 Ἐφ’)
1536 1393 1597 1442 ὑφ’
1610 1395 1714 1435 male

441 1451 498 1489 Fl.
543 1450 567 1489 l.
585 1448 643 1488 18.
659 1449 724 1488 col.
743 1463 774 1488 1.
792 1446 929 1500 Κυνῶν)
944 1448 998 1487 Ita
1017 1449 1157 1487 merito
1168 1447 1390 1487 emendarat
1403 1445 1531 1487 Solan.
1553 1460 1642 1488 cum
1657 1449 1714 1489 le·

439 1515 596 1557 geretur
610 1502 725 1543 Κωῶν.
781 1503 863 1543 ibid.
879 1503 902 1540 l.
922 1515 980 1541 20.
995 1504 1107 1554 Παρὰ
1131 1500 1198 1540 τῆς
1216 1500 1339 1554 μητ.)
1357 1501 1462 1541 Ante
1485 1502 1531 1541 ad
1545 1502 1666 1542 verba
1683 1501 1712 1542 ἃ.

436 1558 537 1608 μόνα
549 1557 729 1610 ἐξαίρετα
747 1557 848 1597 male
863 1555 1099 1596 referebatur
1108 1556 1186 1595 hoc
1199 1555 1326 1595 Schol.
1342 1556 1382 1595 δι
1396 1553 1524 1596 Schol.
1537 1555 1715 1609 sequens,

440 1613 487 1650 ad
509 1612 630 1659 ἐκείνῳ
658 1610 821 1664 γέροντι.
883 1611 975 1664 Pag.
1004 1610 1060 1650 16.
1081 1611 1106 1649 l.
1125 1625 1159 1663 3.
1176 1608 1377 1662 Γηρυόνου)
1395 1608 1457 1650 Sic
1476 1610 1529 1649 fl.
1546 1611 1606 1649 Fr.
1621 1611 1714 1652 Ald.

441 1666 471 1704 J.
487 1665 542 1703 H.
559 1679 591 1703 1.
611 1664 651 1704 &
667 1679 703 1704 2.
716 1665 764 1704 B.
782 1678 813 1704 1.
828 1666 873 1703 P.
888 1667 929 1704 S.
943 1665 1054 1717 Amst.
1092 1664 1115 1702 l.
1135 1677 1150 1703 1
1164 1677 1194 1701 1.
1209 1663 1476 1718 Ἐγγελοῖται)
1492 1665 1583 1705 Hoc
1595 1666 1713 1717 perti-

440 1719 588 1759 naciter
603 1718 757 1758 servant
773 1718 859 1759 edd.
874 1715 1106 1772 'Hyyemat
1129 1718 1302 1770 adscript.
1317 1731 1437 1771 marg.
1455 1719 1486 1758 1.
1540 1719 1632 1771 Pag.
1652 1728 1711 1770 ¹7·

439 1774 466 1813 l.
483 1787 516 1812 2.
529 1772 603 1825 Ἤ)
620 1772 638 1813 ἢ
655 1773 754 1813 delet
765 1772 882 1814 Gesn.
925 1775 950 1812 l.
963 1787 999 1822 4.
1015 1772 1264 1821 Ἀνελίττεις)
1281 1772 1329 1811 Et
1341 1773 1418 1812 hoc
1430 1772 1514 1813 edd.
1530 1772 1714 1813 constan·

437 1839 509 1867 ter.
523 1826 810 1868 Ἀνατυλίττεις
823 1827 969 1868 Graev.
983 1826 1027 1866 &
1038 1838 1160 1879 marg.
1172 1829 1246 1865 A.1
1260 1831 1317 1866 W.
1357 1827 1430 1867 l.·6.
1445 1826 1630 1881 Ἐντίθεις)
1649 1827 1714 1869 ἑν-

440 1880 542 1921 viem
560 1881 649 1920 vult
663 1880 813 1932 Guyet.
867 1881 890 1920 l.
914 1894 972 1920 10.
987 1885 1086 1920 Φασι
1099 1880 1116 1935 )
1131 1881 1194 1922 Sic
1213 1882 1245 1920 I.
1267 1881 1311 1921 P.
1329 1881 1515 1934 aliaeque.
1536 1882 1636 1921 Φασὶ
1653 1883 1713 1923 Fl.

440 1935 534 1988 Pag.
554 1933 611 1974 18.
627 1935 651 1974 l.
665 1950 701 1989 9.
715 1935 808 1975 Τότε
822 1934 923 1988 διε.)
937 1933 1004 1975 τὴν
1017 1933 1090 1989 γῆν
1111 1934 1251 1988 χανεῖν
1266 1949 1323 1975 σοι
1340 1935 1432 1976 τότε
1448 1934 1551 1976 Coll.
1607 1936 1633 1975 l.
1651 1949 1714 1977 12.

439 1987 626 2042 Βάκχας)
643 1990 804 2030 Βάπτας
817 1991 871 2028 Fl.
888 1989 986 2029 male
998 2019 1011 2035 ‚
1025 1991 1132 2042 quod
1148 2001 1274 2029 tamen
1291 1989 1331 2030 &
1346 1988 1574 2044 adscriptum
1592 2002 1715 2044 marg.

440 2046 492 2082 A.
513 2057 543 2082 1.
588 2043 681 2095 pag.
697 2057 756 2096 19.
768 2045 793 2084 l.
807 2058 844 2092 7.
858 2043 1022 2097 Κτένιον)
1036 2045 1171 2084 κτένας
1185 2044 1240 2083 Fl.
1269 2045 1294 2084 l.
1314 2058 1373 2097 13.
1385 2043 1510 2096 Κᾴμὲ)
1530 2044 1624 2084 Non
1638 2045 1710 2085 ha-

440 2097 505 2136 bet
526 2098 583 2136 Fl.
638 2098 663 2137 l.
688 2098 747 2137 16.
760 2097 848 2145 Δὴ)
871 2098 1034 2137 Restitui
1053 2111 1100 2138 ex
1115 2099 1155 2138 L.
1173 2099 1215 2139 &
1230 2099 1285 2138 Fl.
1301 2098 1375 2138 Δεῖ
1387 2098 1472 2138 edd.
1494 2108 1584 2138 cett.
1599 2100 1711 2140 male.

440 2151 532 2204 Pag.
547 2164 610 2190 20.
626 2152 651 2190 l.
667 2166 701 2191 1.
716 2148 785 2205 Εῗ)
797 2147 893 2192 εἶναι
911 2154 964 2191 Fl.
979 2153 1017 2191 &
1034 2166 1153 2205 marg.
1169 2153 1221 2191 A.
1241 2166 1273 2192 1.
1302 2152 1327 2192 l.
1343 2167 1378 2206 3.
1393 2149 1484 2206 Οὖχ
1495 2150 1634 2206 ἕτερος)
1649 2153 1711 2195 Sic

438 2204 646 2257 pleraeque
672 2205 785 2246 reete.
808 2203 1015 2258 oose‘mn
1033 2205 1162 2247 Schol.
1190 2202 1285 2246 Οὐδ’
1303 2203 1427 2260 ἕτερος
1441 2208 1500 2246 Fl.
1554 2211 1630 2247 ead.
1646 2206 1712 2248 Ὡς

439 2258 660 2312 ἀληθεύοις)
677 2255 725 2299 ὦς
749 2261 780 2300 εἰ
797 2260 986 2300 ἀληθεύοις
1003 2274 1124 2312 marg.
1139 2262 1192 2301 A.
1208 2273 1240 2299 1.
1295 2262 1319 2300 l.
1335 2261 1372 2302 6.
1389 2260 1711 2316 Ἐκκεκραγέναι)

440 2316 663 2366 κεκραγέναι
682 2314 737 2353 Fl.
766 2317 789 2353 l.
803 2329 841 2369 9.
853 2313 1028 2365 Ὡμοιώθη
1035 2315 1070 2369 ς)
1083 2313 1276 2367 ὢμοιωθεὶς
1288 2315 1345 2356 Fl.
1382 2316 1475 2368 Pag.
1494 2329 1555 2355 21.
1569 2317 1593 2356 l.
1607 2330 1645 2364 4.
1658 2319 1706 2355 T‘o

438 2366 514 2407 ’τῶν
533 2367 726 2409 Μουσικῶν
741 2368 852 2408 τοῦτο
864 2397 875 2417 ,
894 2369 955 2409 <925
974 2369 1042 2410 ὣιὲι
1064 2369 1200 2410 ’πασῶν
1214 2370 1232 2422 )
1246 2368 1309 2410 Sic
1331 2369 1520 2410 redditum
1533 2369 1710 2410 Luciano

438 2421 545 2480 exffiL.
559 2421 600 2461 &
617 2422 659 2461 V.
675 2437 709 2462 2.
724 2436 824 2476 quae
835 2423 897 2465 sk
916 2435 1065 2464 tantum
1080 2424 1219 2465 omisit.
1234 2423 1336 2464 Cett.
1351 2424 1474 2472 male,
1485 2423 1561 2464 τῶν
1576 2422 1709 2465 Μυσῶν

439 2489 573 2527 τουτο,
591 2475 664 2519 διὰ
680 2479 853 2521 πάντων.
903 2480 928 2522 l.
945 2479 1003 2520 16.
1016 2479 1080 2519 col.
1104 2492 1136 2519 1.
1149 2477 1305 2533 Μυσῶν)
1321 2478 1381 2520 Ex
1396 2479 1713 2533 interpretatione
