1835 3408
441 142 536 192 454
643 118 1526 172 ANNOTATIONES

497 216 573 253 ead.
595 215 620 255 l.
647 224 680 265 5.
709 210 945 263 Aleion-mbr)
963 209 1170 262 Cepheus,
1191 207 1369 262 Caffiope
1382 239 1395 256 ,
1412 209 1455 250 δι
1476 207 1725 249 Andromede

443 268 675 319 Aethiopes,
696 266 867 307 GUYET.

499 324 574 361 ead.
589 322 613 359 l.
631 335 669 368 7.
688 320 875 373 Πάρεργον
889 314 1000 356 τοῦτο
1018 314 1087 357 τὶῖς
1100 315 1162 356 ἐπὶ
1178 316 1362 370 Γοργόνας
1378 315 1575 365 πτήσεως)
1598 316 1725 357 Bene-

432 375 592 423 ·leus,
614 386 715 428 atque
728 385 765 412 ut
786 385 882 412 extra
899 373 1107 424 institutum,
1129 371 1270 410 volatus
1283 373 1332 413 ad
1347 371 1539 421 Gorgonas.
1558 371 1621 408 An
1641 382 1726 410 cre·

448 431 598 476 dimus,
616 428 668 468 fic
689 427 871 479 insignem
888 426 1016 464 virum
1031 423 1252 467 distinxisse?
1265 425 1411 463 Verius
1429 424 1648 465 crediderim
1665 436 1726 463 or-

447 493 531 522 tum
547 494 718 522 errorem
734 482 781 519 ab
798 480 905 532 typis
918 507 929 523 ‚
949 478 988 517 &
1007 478 1196 518 continuo
1214 477 1330 518 duelu
1349 477 1562 529 expreffiffe
1581 476 1727 522 senten-

448 537 569 581 tiam,
599 548 714 588 quam
743 535 885 586 largius
908 532 1076 571 ediderat
1105 532 1315 582 Micyllus,
1347 544 1446 585 atque
1473 533 1537 569 hoc
1557 545 1727 583 parergon

450 592 619 644 quoddam
632 619 643 635 ‚
654 590 731 640 five
745 599 841 626 extra
852 588 1057 640 propqfitam
1078 601 1143 625 rem
1161 586 1313 624 additum
1326 585 1402 635 fuit
1421 587 1470 624 ad
1483 600 1578 634 eum,
1592 600 1659 640 quo
1680 587 1731 629 ad

453 646 639 697 Gorgonas
655 643 742 685 abiit
753 642 915 680 volatum.
941 640 997 679 Ex
1019 638 1227 679 Benedieto
1245 650 1401 690 oportet
1422 649 1525 680 certe
1549 639 1632 679 tolli
1656 639 1728 678 ab-

451 697 562 738 surda
578 696 783 736 commatis
798 692 1004 738 distinctio,
1019 704 1062 733 ut
1076 694 1213 735 volatus
1225 692 1268 731 fit
1281 693 1454 744 genitivo
1465 692 1564 735 casu.
1579 692 1728 735 GRON.

507 751 600 801 Pag.
618 763 631 788 1
644 749 740 788 10.l.
760 761 792 787 1.
807 747 973 803 Ἐκεινω)
991 747 1168 785 Verbum
1186 747 1221 785 in
1245 747 1348 787 duali
1371 759 1535 786 numero
1559 746 1727 800 positum

452 805 494 844 in
509 804 690 843 omnibus
701 834 712 851 ‚
727 813 887 853 excepta
901 802 958 841 ΓΙ.
972 813 1072 853 quae
1085 799 1267 855 ἔγραψαν
1281 800 1348 840 τὴν
1366 801 1478 839 habet
1488 832 1502 848 ,
1520 800 1596 843 hoc
1610 800 1727 843 etiam

452 869 675 911 pronomen
693 857 729 894 in
750 856 849 895 duali
865 854 938 895 effe
952 867 1039 898 cum
1054 854 1284 904 postularet,
1300 855 1336 892 in
1351 855 1530 894 omnibus
1544 855 1646 894 libris
1663 869 1733 895 no·

453 912 540 952 stris
555 923 667 952 antea
688 911 887 963 legebatur
908 920 1033 948 tamen
1055 907 1196 948 ἐκεῖνοι.
1220 908 1377 950 δοιΑΝ.
1394 907 1539 950 Ἐκεῖνοι
1558 931 1603 939 -
1616 907 1731 964 ἔγροι-

455 965 540 1016 4οιν
556 964 643 1017 τὴν)
660 965 716 1012 Fl.
730 963 933 1004 lectionem
949 975 1082 1006 veram
1098 962 1276 1007 arbitror,
1299 975 1416 1014 quam
1429 963 1617 1003 exhibeo:
1641 976 1730 1005 nam

454 1019 484 1059 si
502 1017 735 1072 ἐγραψίιτην
752 1031 843 1057 cum
866 1028 954 1057 cett.
981 1016 1091 1069 legis,
1112 1015 1238 1056 ἐκεῖνοι
1261 1030 1352 1059 cum
1374 1016 1520 1057 Solano
1546 1017 1585 1056 in
1608 1016 1731 1063 ἐκείνῳ

457 1073 683 1116 mutandum
699 1070 820 1111 fuiffet
833 1102 844 1119 ,
862 1072 948 1110 licet
969 1084 1062 1110 mox
1077 1071 1194 1121 ἄμφω
1212 1070 1426 1118 φονεύουσιν
1443 1071 1545 1116 recle
1559 1069 1734 1124 legatur}¹

457 1127 580 1167 dualis
595 1126 698 1166 enirn
721 1126 888 1165 nominis
903 1124 1004 1164 reete
1026 1125 1186 1165 admittit
1208 1124 1391 1175 pluralem
1412 1125 1549 1172 verbi,
1569 1137 1651 1165 non
1673 1127 1733 1165 vi-

457 1180 592 1221 ciffim.
613 1179 690 1220 Ets1
709 1179 749 1219 oei
770 1179 871 1232 κῆρες
890 1178 1047 1230 {Zea-&nv
1065 1180 1183 1218 Hom.
1205 1178 1310 1218 Iliad.
1331 1184 1385 1226 Θ,
1400 1191 1464 1230 73.
1481 1178 1619 1219 Melius
1634 1191 1732 1232 ergo

459 1246 547 1275 erat
567 1235 771 1274 lectionem
788 1234 929 1273 bonam
950 1231 1081 1285 sequi,
1100 1245 1201 1285 quae
1215 1245 1235 1271 a
1254 1233 1310 1272 Fl.
1327 1232 1600 1285 suppeditatur,
1614 1246 1732 1286 quam

458 1289 694 1342 corrigendo
716 1289 829 1327 aliam
851 1287 1034 1327 formare.
1048 1287 1095 1326 Et
1108 1288 1198 1328 licet
1212 1287 1302 1326 alias
1323 1288 1626 1339 permutationes
1640 1287 1733 1327 dua-

458 1343 506 1383 lis
528 1356 572 1382 ac
596 1342 748 1394 pluralis
768 1355 845 1380 non
869 1342 982 1381 semel
1004 1341 1232 1389 viderimus,
1259 1341 1321 1383 hic
1343 1341 1469 1382 minus
1491 1350 1621 1382 tamen
1642 1355 1735 1382 con.

460 1398 571 1437 venit
593 1396 735 1436 ἐκεῖνοι.
756 1397 904 1436 REsz.

518 1453 591 1490 ead.
614 1452 640 1490 l.
664 1449 907 1502 3.Δοκῶντε)
931 1446 1118 1488 Δοκοῦντε
1143 1447 1342 1501 legendum
1369 1448 1532 1489 omnino
1553 1450 1730 1489 videtur}

462 1516 571 1544 totus
591 1515 720 1543 autem
745 1504 855 1542 locus
877 1504 928 1544 fic
950 1503 1214 1556 corrigendus:
1243 1502 1430 1544 va'esnf
1454 1517 1498 1543 τε
1522 1502 1539 1542 ὃ
1561 1503 1734 1552 Φωκεὺς,

463 1560 533 1598 καὶ
551 1559 744 1609 Ὀρέστης,
759 1554 936 1601 sono-31²⁷&
952 1555 1022 1596 iisn
1039 1555 1225 1599 τεθνᾶνοιι.
1244 1558 1399 1596 λαθόντε
1414 1571 1459 1597 τε
1479 1557 1543 1596 καὶ
1558 1558 1609 1598 εἰς
1625 1559 1735 1604 βασί-

464 1624 557 1652 λεια,
577 1611 808 1664 παρελθόντε
827 1614 1039 1662 φονεύουσιν
1060 1613 1170 1660 ἀμφω
1193 1610 1270 1650 ἃς.
1297 1611 1464 1658 GUYET.
1487 1612 1620 1659 Vetti,
1643 1625 1687 1652 ac
1704 1612 1736 1652 st

463 1666 657 1718 legeretur
681 1666 746 1703 καὶ
761 1665 987 1716 παρελθόντε
1012 1680 1057 1703 τε
1073 1665 1227 1704 nocebunt-s
1249 1665 1300 1704 εἰς
1325 1667 1380 1705 τὰ.
1398 1665 1593 1710 βασίλειοι.
1613 1665 1736 1707 Casus

465 1720 605 1759 ssmiles
622 1719 799 1759 fecerunt
811 1750 824 1765 ‚
844 1720 1001 1771 opinor,
1020 1730 1063 1759 ut
1076 1719 1231 1758 λαθόντε
1246 1731 1562 1773 praeponeretur,
1576 1720 1661 1761 inde
1676 1734 1733 1761 re-

464 1775 574 1827 liqua
588 1772 776 1813 confusio.
791 1773 917 1813 GrsN.

524 1832 597 1867 ead.
613 1828 636 1865 l.
653 1828 764 1880 13.‘O
780 1826 986 1881 Βράγχος)
1009 1827 1208 1867 Branchus
1227 1827 1419 1880 Apollinis
1437 1827 1621 1875 amasius,
1643 1828 1735 1869 alias
1761 1848 1767 1856 ·

467 1881 585 1922 filius.
600 1881 766 1922 GUYET.

525 1938 616 1988 Pag.
633 1950 648 1974 1
662 1949 719 1975 11.
733 1936 757 1974 l.
770 1951 803 1988 3.
817 1937 863 1972 Tb
876 1934 921 1973 s}
934 1932 1056 1988 ἔργον)
1070 1935 1290 1988 Corruptus
1304 1936 1366 1975 hic
1379 1935 1491 1975 locus
1509 1935 1583 1984 est3
1602 1950 1734 1990 quem,

468 1988 498 2028 fi
510 2003 583 2041 pro
597 2005 673 2036 πω,
685 1990 787 2042 legas
799 1988 829 2028 εἰ
841 1989 911 2040 μὴ,
925 1992 987 2029 vel
1004 1988 1122 2029 fimile
1135 1991 1237 2042 quid,
1251 1990 1376 2029 forsan
1396 1990 1538 2029 sanitati
1552 1990 1736 2033 restitues.

469 2044 646 2084 Ulterius
669 2044 810 2096 absque
831 2042 915 2083 Mff.
939 2056 1015 2095 ope
1036 2044 1128 2083 mihi
1154 2045 1329 2096 progredi
1347 2057 1425 2083 non
1444 2045 1540 2083 licet.
1557 2046 1610 2083 FI.
1629 2048 1672 2083 τὶ
1687 2045 1735 2085 «Ρὲ

468 2096 574 2151 ἔργον
588 2094 668 2152 οὐχ
681 2097 769 2150 ἑώρα
783 2101 931 2137 σκέπων
944 2097 1032 2136 ἀλλ’
1049 2098 1114 2137 ἐπὶ
1131 2098 1204 2138 &c.
1222 2099 1333 2138 Unde
1346 2098 1531 2145 nond-um,
1549 2100 1637 2151 quid
1649 2098 1736 2139 scri-

469 2153 585 2204 pserit
607 2153 825 2200 Lucianus,
853 2151 940 2191 satis
963 2162 1078 2204 patet.
1110 2151 1220 2205 Quin
1244 2152 1284 2192 δι
1301 2163 1389 2191 ante
1411 2153 1503 2197 haec
1526 2154 1645 2192 verba
1661 2167 1732 2206 pro

470 2204 647 2255 τόλμαν,
668 2219 741 2258 ego
756 2209 800 2248 το
813 2205 885 2256 μὴν
906 2205 1084 2256 scriptum
1104 2206 1210 2246 fuisse
1226 2219 1303 2245 non
1328 2207 1474 2246 dubito.
1496 2206 1645 2246 Totum
1671 2221 1734 2247 re-

470 2258 634 2312 fingant,
649 2260 792 2312 quibus
811 2260 990 2300 meliores
1007 2261 1216 2314 obtigerint
1233 2260 1410 2309 Codices,
1423 2271 1488 2308 aut
1501 2258 1652 2301 felicior
1664 2261 1736 2302 erit

470 2314 697 2353 coniiciendi
710 2314 879 2354 facultas.
901 2314 1059 2356 SOLAN.

527 2370 600 2406 ead.
609 2370 631 2405 l.
646 2383 682 2417 4.
702 2366 792 2421 Οὐχ
808 2368 943 2420 ἑώρακέ
953 2384 1015 2407 πω
1029 2368 1090 2408 ἐπὶ
1105 2367 1170 2409 τῆς
1183 2368 1369 2422 ἀσπίδος)
1385 2368 1469 2421 Qui
1483 2382 1565 2412 non
1579 2368 1735 2421 ignorat

472 2420 667 2465 historiam
682 2421 786 2470 faeti,
801 2422 863 2466 ille
877 2423 938 2468 hic
948 2423 1090 2477 aliquid
1102 2422 1221 2469 deefi‘e
1242 2423 1363 2469 sentit.
1377 2422 1737 2480 Pherecydesapud
