1783 3403
273 251 347 300 ἸΝ
380 256 703 302 NAVIGIUM
736 256 850 304 SEU
885 255 1075 304 vom.
1209 279 1303 329 499

50 344 216 392 tattoque
230 339 298 380 suo
317 353 442 380 cornu
461 340 634 394 suspensa
657 351 822 381 antenna
842 342 1014 389 libratur,
1035 343 1074 382 Sc
1095 345 1140 383 ad
1162 349 1305 389 malum

51 395 247 445 alligatur:
277 395 385 445 quod
407 396 538 435 videre
564 396 650 434 licet
673 397 773 447 apud
792 394 1028 435 Schefferum
1049 398 1094 436 de
1114 400 1192 438 mil.
1213 414 1306 443 nav.

50 445 113 484 lib.
133 445 168 485 11
180 476 191 491 ‚
207 460 241 498 ς,
264 461 300 498 ρ.
317 460 406 496 145,
422 448 591 500 itemque
607 462 642 499 ρ.
668 448 753 487 168.
771 449 907 501 Neque
921 455 1018 488 vero
1032 453 1180 492 notatio
1193 456 1304 495 vocis

48 510 236 550 repugnat
247 499 336 539 huic
359 500 643 552 significationi:
667 513 790 553 neque
801 504 902 540 enim
919 501 995 553 ipsa
1008 514 1155 542 tantum
1173 518 1301 547 extre·

49 564 110 590 ma
125 552 152 590 s.
166 566 312 592 cornua
326 565 579 592 antennarum
592 554 675 593 sunt
688 555 772 606 οὶοιξ
783 556 949 606 quidam,
965 556 1112 603 clavus,
1125 557 1149 596 s.
1163 561 1304 610 guber-

46 606 230 644 naculum
242 619 254 654 3
268 619 404 645 verum
417 607 476 646 vel
490 609 652 646 maxime
667 608 727 646 ille
740 608 970 647 transversus
985 609 1084 648 funis
1099 612 1144 649 ad
1155 623 1303 653 utrum-

45 670 122 710 que
135 671 258 698 cornu
276 660 450 710 alligatus
465 660 614 699 duobus
627 662 829 707 extremis,
843 663 964 701 media
982 674 1109 702 autem
1126 677 1233 715 parte
1251 666 1303 707 fic

45 723 218 750 annexus
227 713 271 750 ad
285 713 440 759 malum,
456 725 497 751 ut
510 714 742 765 triangulum
754 714 952 760 efficiatur,
964 717 1075 754 cuius
1089 717 1186 756 baiis
1199 718 1243 757 sit
1258 721 1300 759 in

45 764 123 816 ipsa
134 775 319 814 antenna,
333 767 493 817 angulus
508 779 633 806 autem
649 769 895 806 vehementer
907 769 1084 817 obtusus,
1101 773 1198 810 unde
1214 773 1303 812 bre-

44 816 238 857 viffimum
253 820 563 870 perpendiculum
575 821 717 859 demitti
728 831 857 871 queat,
868 821 912 859 ad
925 822 1080 862 malum.
1091 823 1210 875 Quae
1220 827 1302 879 qui-

43 871 128 910 dem
139 871 352 911 luculenter
364 875 494 911 omnia
508 872 701 926 scoeypoeovi
714 872 964 913 Schefferiana
977 876 1149 916 ostendit.
1172 878 1300 919 GEsN.

100 926 137 964 in
147 926 261 964 Schol.
275 926 338 965 col.
352 940 384 964 2.
396 926 420 964 l.
434 940 468 965 2.
480 927 619 978 Κέιριοι)
629 926 675 965 C.
688 929 826 978 Keipvoe·
838 929 941 978 quod
951 929 992 968 δι
1003 930 1191 984 adscripsit
1204 933 1302 972 Vos-

42 976 133 1024 fiiis,
151 979 270 1018 citato
279 980 392 1018 etiam
405 979 537 1031 Apoll.
549 982 585 1017 in
600 979 764 1019 Poliorc.
782 980 873 1019 teste
889 980 1111 1023 Gronovio.
1139 984 1298 1026 SOLAN.

43 1031 170 1071 Immo
183 1036 303 1083 κάρυα.
316 1032 393 1071 sine
413 1034 532 1072 dubio
545 1033 605 1072 hic
617 1033 828 1085 legendum.
851 1033 995 1074 RmTz.

102 1087 195 1136 Pag.
213 1099 225 1123 1
238 1099 296 1138 59.
307 1087 331 1124 l.
339 1101 376 1133 4.
389 1085 683 1138 Ἀποσοβοῦντα)
693 1087 859 1126 Subaudi
868 1090 938 1126 τὰς
950 1086 1097 1141 χεῖρας,
1109 1089 1131 1128 i.
1141 1103 1172 1129 e.
1183 1093 1299 1131 σπεύ-

42 1137 177 1178 Σοντοι.
201 1138 261 1178 Sic
275 1137 434 1192 φεύγειν
453 1139 751 1191 παραυ-εἰσάντα.
761 1170 776 1186 ,
795 1139 871 1180 scil.
883 1144 957 1179 τὰς
969 1143 1118 1194 χεῖρας.
1132 1143 1297 1185 casaub.

43 1193 89 1232 ad
103 1191 217 1231 Char.
233 1192 430 1245 Theoplir.
444 1192 612 1232 GUYET.
633 1194 705 1232 Hic
719 1195 826 1233 locus
837 1195 1017 1241 ostendit,
1034 1197 1132 1247 apud
1144 1197 1295 1237 Suidam

42 1258 123 1285 non
138 1245 234 1284 male
249 1245 321 1298 legi
336 1248 625 1299 άποτρέχωμεν,
640 1247 708 1285 ubi
719 1246 960 1297 ἀποσοβῶμεν
973 1253 1129 1301 exponit
1137 1265 1149 1297 3
1163 1265 1296 1302 quam·

42 1311 158 1352 quam
178 1299 288 1338 aliter
307 1299 539 1339 doffissimus
561 1301 683 1339 editor
704 1299 845 1340 sentiat.
870 1300 1027 1340 SOLAN.
1053 1304 1142 1342 Non
1159 1306 1295 1353 video,

42 1353 134 1405 quid
147 1353 206 1392 hic
221 1352 353 1405 χεῖρας
371 1353 526 1405 intelligi
542 1366 642 1406 opus
663 1353 730 1401 fit,
748 1355 814 1392 eth
836 1355 871 1391 id
889 1356 927 1392 in
941 1355 1079 1401 σοβεὶν,
1101 1356 1140 1395 ὃ(
1162 1358 1199 1395 in
1217 1373 1296 1398 ποι-

40 1406 197 1460 ροισείειν
212 1408 396 1445 interdum
411 1407 536 1444 lateat.
551 1407 649 1445 Nam
665 1406 862 1450 &otoo-08:511
878 1407 941 1454 εἰς,
956 1421 1028 1460 pro
1033 1408 1209 1461 facaeffire,
1218 1413 1292 1450 abi-

39 1476 85 1505 re,
101 1472 180 1499 non
196 1459 426 1512 infrequens.
437 1460 526 1499 Vid.
539 1459 651 1512 supra
665 1461 709 1498 ad
723 1474 777 1512 pr.
791 1461 906 1513 lmag.
922 1473 956 1500 c.
971 1463 1036 1501 ult.
1047 1462 1155 1502 Adde
1165 1464 1292 1517 Long.

39 1513 137 1554 Past.
152 1513 194 1558 1,
214 1525 299 1566 pag.
312 1527 359 1565 73
376 1513 400 1552 f.
419 1514 476 1552 ed.
495 1513 606 1552 Moll.
623 1511 684 1564 ὁρᾷ
699 1518 761 1553 τὶν
777 1515 917 1560 Δάφνιν
931 1514 1209 1566 ἀποτεθειμένον
1226 1517 1293 1558 ἐπὶ

39 1566 126 1607 τοὺς
141 1566 259 1617 ὤμους
270 1565 336 1606 τὴν
351 1569 488 1620 ἄγραν,
503 1568 566 1605 καὶ
577 1566 774 1612 ἀποσοβεῖν
789 1567 996 1619 ἐγνωκότα,
1009 1571 1113 1621 quod
1127 1571 1228 1610 reeie
1239 1572 1293 1611 ibi

42 1619 273 1660 conversum
285 1649 298 1668 ‚
317 1621 420 1659 citato
431 1622 521 1660 abire
529 1623 637 1672 gradu
649 1622 844 1659 decreverat.
864 1621 1023 1661 Mollius
1035 1623 1070 1660 id
1083 1635 1209 1663 rarum
1224 1626 1294 1672 ait,

40 1675 82 1714 δι
97 1687 144 1713 ex
161 1671 262 1712 Suid.
281 1684 429 1712 tantum
446 1673 572 1719 addit,
593 1675 654 1711 aaz}
675 1672 918 1724 ἀποσοβῶμεν
939 1675 1160 1727 Μένανὲρος.
1180 1677 1292 1718 Adde

40 1727 223 1768 Nostrum
237 1727 332 1766 infra
345 1727 438 1778 Sym
446 1727 524 1780 pos.
538 1727 578 1766 δι
592 1726 736 1766 Thom.
752 1727 855 1778 Mag.
869 1729 942 1766 tria
954 1729 1046 1768 haec
1059 1730 1216 1769 Luciani
1239 1743 1293 1770 tea

38 1781 213 1827 stimonia
228 1779 448 1820 afferentem
459 1809 471 1828 ‚
485 1792 818 1833 exponentemque
829 1781 1002 1826 ἀποσοβῶ
1015 1803 1059 1812 --
1073 1783 1292 1835 δοιῤῥαλέως

39 1836 276 1888 ἀπέρχομαι.
297 1835 369 1874 Sed
385 1835 423 1874 &
442 1833 598 1878 σοβείτω
617 1833 714 1873 παῖς
724 1834 803 1873 τοῖς
816 1835 1004 1887 ποτηρίοις
1017 1835 1195 1888 συχνοῖς,
1211 1851 1292 1888 pro-

34 1900 134 1943 perat
141 1903 225 1941 puer
234 1889 308 1927 &c-
331 1888 478 1940 aliaque
491 1889 536 1927 de
553 1886 837 1939 περισοβεῖσδαι
859 1889 1017 1928 κύλικας
1038 1891 1150 1929 habet
1162 1890 1288 1943 Bergi-

40 1943 86 1982 ad
99 1942 269 1995 Alciphr.
282 1941 323 1987 1,
339 1955 376 1992 p.
390 1941 452 1992 87.
476 1942 621 1980 REI-[z.

93 1998 168 2034 ead.
186 1997 210 2034 l.
229 2008 285 2049 ¹3·
307 1995 425 2034 Εἴκοσι
442 1996 506 2034 καὶ
519 1993 670 2047 ἑκατὸν)
693 1993 790 2033 Plut.
811 1993 925 2033 Dem.
947 2006 1082 2035 navem
1099 2008 1289 2038 memorat

40 2049 257 2090 CCLXXX
271 2049 345 2088 διε.
390 2047 486 2088 Baif.
498 2048 590 2100 42.)
609 2049 655 2088 de
667 2059 743 2100 qua
757 2050 796 2088 &
810 2045 952 2088 Athen.
965 2049 1018 2088 V.
1035 2048 1191 2089 somn.

114 2103 193 2142 ibid.
211 2102 369 2155 ’Ἔλεγεν
415 2097 581 2155 ’Ἑλοιχεν
611 2103 767 2154 corrigit
792 2102 964 2141 Hasaeus
989 2103 1026 2141 in
1051 2116 1146 2143 nov.
1174 2103 1286 2152 Thes.

38 2156 178 2196 Theol.
193 2155 328 2195 Philol.
339 2155 387 2195 T.
399 2155 459 2202 11,
471 2169 507 2207 p.
520 2153 612 2207 718,
622 2155 696 2194 col.
714 2170 751 2202 2,
768 2154 899 2207 (quod
913 2156 1004 2194 mihi
1023 2156 1288 2197 humaniffime

38 2210 221 2250 indicavit
236 2210 325 2249 clar.
343 2209 467 2248 noster
482 2208 557 2248 Iac.
572 2207 682 2262 Ode)
699 2220 741 2247 ac
757 2210 865 2260 plane
880 2208 1094 2259 persuadet3
1115 2212 1203 2263 quia
1224 2223 1288 2249 na·

39 2265 100 2303 vis
112 2263 216 2303 faber
229 2263 320 2303 haec
332 2262 503 2302 Lueiano
517 2274 694 2302 enarrare
705 2274 785 2300 non
803 2261 915 2314 poffit
925 2292 937 2308 ‚
960 2273 1046 2302 cum
1068 2265 1177 2303 navis
1193 2265 1287 2304 haec

41 2317 132 2356 estet
153 2317 314 2356 Athenis
327 2345 338 2362 ‚
363 2317 424 2355 illa
447 2317 485 2354 in
510 2316 699 2369 Aegypto
719 2315 763 2354 sit
783 2315 986 2364 fabricata;
1008 2329 1079 2355 nec
1100 2318 1290 2357 Lucianus

39 2384 129 2411 cum
144 2369 338 2423 ναυπηγῷ,
357 2368 417 2410 sed
426 2382 515 2409 cum
530 2368 717 2420 ναυκλήρῳ
733 2369 771 2408 8(
786 2370 916 2415 nautis,
933 2369 1220 2417 sermocinetur,
1243 2381 1288 2410 ut

39 2436 144 2478 patet
157 2424 298 2463 deinde.
313 2423 394 2463 Iam
412 2424 528 2475 igitur
542 2423 766 2461 vertendum
780 2438 788 2461 ε
800 2421 866 2474 sed
873 2423 1011 2470 interea,
1027 2425 1106 2463 dum
1117 2424 1286 2475 sermones

37 2479 224 2522 caedimus,
243 2489 368 2530 quanta
384 2479 486 2516 navis
497 2478 518 2515 ?
532 2477 787 2528 Longitudinem
801 2477 967 2528 constituit
984 2476 1150 2529 (tribuit,
1163 2478 1284 2526 dedit)

36 2533 140 2571 navis
146 2530 336 2583 fabrt'cator
347 2530 469 2583 viginti
482 2530 516 2568 δ’
528 2542 658 2570 centum
672 2530 855 2569 cubitorum
869 2529 1156 2622 &c.1?arifinae
1173 2532 1286 2571 inter-

983 2596 997 2621 i
1024 2597 1046 2622 2
