1783 3403
146 240 215 287 IN
233 238 512 288 CALUMN.
532 238 675 285 NON
693 237 954 284 TEMERE
975 237 1153 285 CRED.
1216 257 1271 299 41
1287 258 1304 287 1

46 328 188 379 dietus,
205 328 326 373 verba
342 328 435 371 haec
458 326 537 381 ipsa
558 327 610 370 fic
623 327 863 382 exprimen53
883 327 987 379 quod
1001 326 1120 367 miror
1140 329 1189 368 ab
1211 329 1314 376 aliis,

49 385 121 436 qui
136 385 239 423 hunc
253 384 447 436 dialogum
468 384 509 422 δι
535 382 749 426 versionem
772 382 855 420 eius
874 393 949 421 tam
974 394 1154 421 accurate
1175 380 1314 434 exege-

48 448 167 485 tunt,
183 449 253 489 pro
269 437 377 476 bono
388 447 589 489 acceptum
600 466 613 482 ‚
627 449 712 475 cum
729 436 831 474 nulla
846 434 1001 488 prorsus
1016 437 1055 474 in
1073 436 1230 475 Graecis
1246 437 1313 474 fiat

49 490 203 530 mentio
214 490 313 530 illius
334 489 487 530 funeris.
501 488 612 542 Quin
634 491 745 529 etiam
764 488 1036 543 μεγαλουργία
1055 502 1134 527 non
1158 491 1315 540 patitur,

46 556 99 584 ,ut
110 545 157 583 de
168 543 332 596 impensa
348 544 570 596 pecuniaria
585 544 827 594 intelligatur,
842 543 999 583 Graecis
1019 543 1065 582 ad
1087 555 1170 581 eam
1191 543 1317 593 expri—

50 597 229 640 mendam
243 598 315 637 alia
327 610 430 637 voce
444 598 650 636 utentibus.
664 596 793 636 Immo
806 609 877 636 nec
891 596 1143 635 consideratio
1165 596 1316 649 magni-

50 649 227 694 ficentiae
239 650 381 691 funeris
397 650 518 702 potest
538 650 600 691 hic
614 651 742 690 locum
766 650 917 690 habere.
941 651 1090 690 Maiora
1113 649 1318 689 desideran-

50 715 134 751 tur,
154 717 255 757 quae
275 705 450 753 habebis,
470 704 498 743 si
520 704 621 743 recle
646 715 773 743 vertas
795 716 944 744 mecum
970 706 1020 743 ad
1031 705 1191 757 reliquam
1209 717 1317 742 rerum

44 759 193 814 Jitamm
217 759 476 812 magnitudinem
497 759 578 797 adai
602 759 733 805 voluit,
747 770 786 796 ut
802 759 836 796 fr
853 758 967 797 Deum
996 769 1120 797 crearet
1136 773 1208 796 eum
1218 786 1233 804 ,
1257 757 1317 809 qui

45 825 128 852 <rat
143 824 306 858 mortuus.
322 813 424 852 Inter
440 813 512 852 alia
526 813 693 865 ingentia
705 810 788 852 aesta
801 810 867 851 sua
881 811 1013 852 referri
1031 812 1158 851 voluit
1169 840 1180 859 ,
1197 810 1317 865 ipsum

51 878 105 906 ex
116 877 275 911 mortuo
289 865 412 907 feciffe
425 865 568 906 Deum.
583 865 729 906 Gnon.

0 967 1 972 ¹
108 921 219 960 ead.l.
239 934 296 970 ¹4·
312 921 382 960 Καὶ
400 924 483 959 &feu
500 917 761 974 χειροτονῆσαι
773 919 791 972 )
803 917 980 958 Pluribus
992 918 1088 959 haec
1104 918 1294 959 Arrianus
1306 948 1320 964 ‚

0 987 1 998 ¹
48 972 217 1014 -Curtius
228 1004 241 1022 ,
260 973 486 1017 Plutarchus
501 977 538 1013 in
550 975 628 1012 vita
643 973 753 1013 Alex.
771 973 976 1012 M.T01.1..

108 1027 200 1081 Pag.
215 1042 279 1077 47.
293 1029 316 1068 l.
332 1041 364 1067 ι.
378 1029 448 1067 Καὶ
467 1026 685 1082 {peyna-‘roc
705 1026 823 1079 ὅρκος)
837 1026 899 1065 De
919 1025 1092 1079 Caligula
1110 1026 1323 1066 Suetonius

52 1079 197 1128 refert,
214 1094 303 1120 eum
326 1082 426 1121 inter
445 1093 570 1122 cetera
588 1081 730 1121 amoris
751 1093 841 1134 erga
855 1079 1062 1120 Drufillam
1087 1081 1323 1120 documenta

50 1147 255 1187 nunquam
277 1135 455 1188 deinceps
470 1134 536 1174 nifi
556 1151 617 1188 per
630 1150 749 1174 numen
772 1135 948 1186 Drufillae
963 1134 1150 1175 deieraffe.
1167 1134 1268 1173 Idem
1285 1135 1322 1173 in

55 1199 184 1228 morte
208 1189 293 1229 Iulii
307 1189 482 1230 Caesaris
502 1201 650 1235 narrat,
671 1187 954 1227 controverfias
971 1188 1148 1240 quasdam
1172 1201 1192 1227 a
1214 1188 1325 1240 plebe

55 1243 247 1297 interpqfito
257 1258 319 1296 per
337 1243 508 1296 Caesarem
521 1244 734 1282 iureiurando
749 1241 959 1289 distra&as;
980 1243 1018 1280 δι
1034 1242 1240 1282 Claudium
1257 1241 1322 1279 Im-

56 1309 139 1350 per.
151 1297 384 1336 iusiurandum
406 1297 474 1339 fibi
499 1312 600 1349 neque
613 1297 778 1349 fimflius,
799 1308 924 1348 neque
942 1297 1086 1335 crebrius
1104 1295 1322 1340 instituiffe‚

54 1363 174 1404 quam
186 1365 247 1401 per
259 1353 475 1404 Augustum:
490 1353 582 1403 quin
598 1351 637 1389 δι
652 1351 795 1389 violata
811 1350 979 1402 periurio
996 1350 1151 1388 numina
1165 1349 1229 1387 ista
1245 1361 1326 1401 gra-

56 1405 149 1444 vius
170 1405 385 1451 vindicata,
407 1418 525 1456 quam
548 1404 575 1445 fi
599 1405 683 1456 quis
707 1416 772 1456 per
796 1403 918 1455 ipsum
944 1403 1052 1442 lovis
1067 1416 1237 1449 numen,
1257 1414 1325 1440 aut

53 1458 246 1499 maiorum
270 1460 440 1512 gentium
461 1458 572 1498 Deos
600 1460 793 1511 peieraret.
817 1458 877 1497 Sic
890 1469 933 1497 ut
955 1471 1050 1498 vere
1074 1458 1211 1496 dixerit
1231 1456 1328 1496 Ter·

55 1513 242 1558 tullianus
268 1514 306 1552 in
331 1512 614 1566 Apologetico:
641 1513 748 1551 Citius
771 1513 907 1565 denique
933 1514 1030 1564 apud
1045 1526 1108 1550 vos
1128 1526 1189 1564 per
1211 1525 1325 1550 omnes

56 1569 174 1613 Deos,
185 1581 287 1620 quam
297 1581 356 1617 per
367 1582 470 1606 unum
481 1569 612 1618 genium
630 1566 799 1617 Caesaris,
817 1567 996 1618 peieratur.
1012 1566 1147 1606 Tou..

111 1623 185 1660 ead.
200 1621 226 1660 l.
240 1621 277 1661 6.
288 1621 511 1673 Ὀνείρατοι)
525 1621 567 1659 Id
580 1621 680 1659 enim
697 1621 794 1659 inter
807 1621 1019 1659 divinitatis
1032 1619 1147 1672 signa.
1160 1617 1271 1658 Unde
1285 1616 1328 1663 ὃς

55 1685 319 1728 aegrotantes,
335 1675 376 1714 &
392 1673 520 1714 futura
542 1673 788 1727 praenoscere
801 1675 1015 1726 cupientes,
1034 1675 1072 1712 in
1091 1671 1236 1720 Deum,
1251 1673 1324 1711 Ae·

56 1728 219 1782 sculapii
245 1729 476 1782 praecipue,
501 1728 541 1768 δι
567 1727 778 1780 Serapidis,
803 1741 873 1768 nec
899 1740 979 1766 non
1011 1728 1228 1780 Apollinis,
1253 1724 1329 1765 sese

56 1783 200 1834 templa
222 1782 492 1830 conferebant,
514 1795 581 1834 per
601 1782 792 1822 somnium
812 1782 964 1822 illorum
987 1782 1252 1829 voluntatem,
1270 1792 1329 1819 re·

57 1835 249 1891 sponsave
266 1836 506 1889 expiscaturi.
518 1837 652 1878 Tou..

113 1893 187 1931 ead.
199 1891 225 1931 l.
238 1904 275 1939 7.
292 1891 569 1942 Ἐπιφανείαις)
586 1890 795 1930 Illustravit
813 1891 909 1929 hanc
931 1903 1070 1930 vocem
1083 1920 1093 1934 ,
1118 1889 1330 1940 locumque

58 1945 238 1990 Luciam,
257 1945 322 1984 Ez.
335 1944 586 1996 spanhemius
610 1946 648 1983 in
662 1945 696 1983 V
716 1943 990 1984 Differtatione
1014 1945 1061 1983 de
1075 1956 1116 1982 re
1141 1943 1331 1982 Numma·

57 2001 138 2040 tia:
154 1999 259 2050 quod
273 2011 374 2050 opus
388 2012 410 2038 a
429 2012 490 2038 me
512 1999 702 2039 iuventuti
719 2011 915 2051 nunquam
929 2011 1007 2037 non
1029 1998 1100 2036 erit
1126 2008 1329 2043 commen-

60 2051 302 2095 datiffimum.
319 2053 459 2093 Tou„

116 2109 191 2147 ead.
205 2107 229 2145 l.
245 2106 282 2146 8.
299 2106 508 2160 Μαντείας)
523 2106 570 2145 Et
584 2106 738 2144 oracula
758 2106 806 2145 ad
821 2105 1091 2146 au&oritatem
1114 2116 1224 2144 novo
1240 2102 1332 2142 Deo

59 2161 339 2202 conciliandam
362 2160 498 2201 efflata.
515 2160 746 2199 Aemulatus
763 2159 815 2200 est
838 2161 876 2199 in
895 2161 1074 2199 Antinoo
1089 2159 1307 2198 Hadrianus
1321 2186 1332 2205 ,

60 2228 181 2267 quem
196 2227 274 2254 non
289 2214 394 2255 secus
414 2214 514 2267 ipse,
534 2227 579 2254 ac
594 2214 920 2266 Hephaestionem
940 2214 1174 2260 Alexander,
1188 2211 1329 2250 dilexe—

63 2279 134 2309 rat.
156 2269 379 2322 Spartianus
396 2269 434 2307 in
455 2270 537 2308 eius
559 2269 661 2307 vita:
683 2271 718 2306 E
722 2282 735 2306 t
753 2269 874 2307 Graeci
885 2269 1013 2321 quidem
1031 2268 1161 2307 volente
1181 2266 1338 2305 Hadria-

65 2339 111 2362 no
128 2338 201 2362 eum
219 2324 489 2376 consecraverunt
501 2353 512 2371 ,
528 2323 666 2362 oracula
681 2337 743 2374 per
758 2338 830 2360 eum
850 2323 926 2366 dari
938 2323 1131 2375 afferentes*
1147 2336 1231 2374 quae
1251 2321 1332 2358 Ha-

63 2378 205 2416 drianus
215 2377 282 2430 ff
294 2378 508 2431 compostuffe
521 2377 674 2415 iaaatur.
690 2376 760 2416 TO
767 2387 788 2415 L
795 2387 829 2416 L.

120 2433 195 2471 ead.
215 2431 239 2470 l.
260 2446 296 2485 9.
321 2431 526 2483 Παιρὲἓρῳ)
542 2430 700 2470 Servius
720 2431 756 2468 in
772 2430 846 2469 VII
863 2429 1022 2470 Aeneid.
1038 2431 1169 2467 Revera
1189 2428 1330 2466 Virbius

65 2487 112 2538 est
122 2500 242 2529 numen
256 2486 464 2525 coniunfz'um
479 2487 622 2525 Dianae
632 2515 643 2532 ,
661 2497 700 2524 ut
711 2485 810 2522 matri
824 2486 938 2523 Dezim
955 2485 1068 2528 Attis,
1082 2484 1263 2522 Mna-vae
1276 2481 1332 2519 E—

67 2540 300 2588 richtlzonius‚
327 2540 445 2578 Veneri
468 2539 618 2580 Adonis.
644 2538 683 2578 ld
709 2537 763 2578 est
785 2537 980 2591 πάρεέρος.
1004 2536 1185 2590 Παρεὸροι
1213 2537 1330 2577 etiam
