<?xml version="1.0" encoding="UTF-8"?>
<!DOCTYPE html PUBLIC "-//W3C//DTD XHTML 1.0 Transitional//EN"
    "http://www.w3.org/TR/xhtml1/DTD/xhtml1-transitional.dtd">
<html xmlns="http://www.w3.org/1999/xhtml" xml:lang="en" lang="en">
 <head>
  <title>
</title>
<meta http-equiv="Content-Type" content="text/html;charset=utf-8" />
  <meta name='ocr-system' content='tesseract 3.04.00' />
  <meta name='ocr-capabilities' content='ocr_page ocr_carea ocr_par ocr_line ocrx_word'/>
</head>
<body>
  <div class='ocr_page' id='page_1' title='image "./operagraeceetlat08luciuoft/operagraeceetlat08luciuoft_0578.png"; bbox 0 0 1835 3408; ppageno 0'>
   <div class='ocr_carea' id='block_1_1' title="bbox 471 128 1535 189">
    <p class='ocr_par' dir='ltr' id='par_1_1' title="bbox 471 128 1535 189">
     <span class='ocr_line' id='line_1_1' title="bbox 471 128 1535 189; baseline 0.003 -14"><span class='ocrx_word' id='word_1_1' title='bbox 471 141 561 189; x_wconf 84' lang='lat'>570</span> <span class='ocrx_word' id='word_1_2' title='bbox 672 128 1535 178; x_wconf 80' lang='lat' dir='ltr'><strong>ANNOTATIONES</strong></span> 
     </span>
    </p>
   </div>
   <div class='ocr_carea' id='block_1_2' title="bbox 455 212 1728 2480">
    <p class='ocr_par' dir='ltr' id='par_1_2' title="bbox 462 212 1724 426">
     <span class='ocr_line' id='line_1_2' title="bbox 462 212 1724 270; baseline 0.009 -19"><span class='ocrx_word' id='word_1_3' title='bbox 462 212 541 253; x_wconf 86' lang='lat' dir='ltr'>sese</span> <span class='ocrx_word' id='word_1_4' title='bbox 553 214 750 255; x_wconf 85' lang='lat' dir='ltr'>transtulit.</span> <span class='ocrx_word' id='word_1_5' title='bbox 768 216 960 256; x_wconf 84' lang='lat' dir='ltr'>Eiusmodi</span> <span class='ocrx_word' id='word_1_6' title='bbox 986 216 1179 255; x_wconf 87' lang='lat' dir='ltr'>hominem</span> <span class='ocrx_word' id='word_1_7' title='bbox 1203 228 1306 258; x_wconf 86' lang='lat' dir='ltr'>aetas</span> <span class='ocrx_word' id='word_1_8' title='bbox 1325 229 1475 270; x_wconf 86' lang='lat' dir='ltr'>patrum</span> <span class='ocrx_word' id='word_1_9' title='bbox 1501 218 1724 262; x_wconf 80' lang='lat' dir='ltr'>nostrorum</span> 
     </span>
     <span class='ocr_line' id='line_1_3' title="bbox 464 267 1722 325; baseline 0.006 -20"><span class='ocrx_word' id='word_1_10' title='bbox 464 267 579 315; x_wconf 88' lang='lat' dir='ltr'>vidit,</span> <span class='ocrx_word' id='word_1_11' title='bbox 600 269 902 309; x_wconf 78' lang='lat' dir='ltr'>Nostradamum.</span> <span class='ocrx_word' id='word_1_12' title='bbox 923 269 1105 310; x_wconf 82' lang='lat' dir='ltr'>Ceterum</span> <span class='ocrx_word' id='word_1_13' title='bbox 1125 271 1217 311; x_wconf 84' lang='lat' dir='ltr'>duas</span> <span class='ocrx_word' id='word_1_14' title='bbox 1237 283 1303 310; x_wconf 88' lang='lat' dir='ltr'>aut</span> <span class='ocrx_word' id='word_1_15' title='bbox 1322 283 1399 311; x_wconf 89' lang='lat' dir='ltr'>tres</span> <span class='ocrx_word' id='word_1_16' title='bbox 1413 285 1460 311; x_wconf 88' lang='lat' dir='ltr'>ex</span> <span class='ocrx_word' id='word_1_17' title='bbox 1478 273 1558 311; x_wconf 85' lang='lat' dir='ltr'>eius</span> <span class='ocrx_word' id='word_1_18' title='bbox 1578 275 1722 325; x_wconf 85' lang='lat' dir='ltr'>praedi-</span> 
     </span>
     <span class='ocr_line' id='line_1_4' title="bbox 464 320 1723 380; baseline 0.007 -22"><span class='ocrx_word' id='word_1_19' title='bbox 464 320 657 362; x_wconf 68' lang='lat' dir='ltr'>&amp;ionibus</span> <span class='ocrx_word' id='word_1_20' title='bbox 671 324 772 375; x_wconf 85' lang='lat' dir='ltr'>apud</span> <span class='ocrx_word' id='word_1_21' title='bbox 791 323 1035 363; x_wconf 87' lang='lat' dir='ltr'>Herodotum</span> <span class='ocrx_word' id='word_1_22' title='bbox 1057 324 1159 377; x_wconf 78' lang='lat' dir='ltr'>legas</span> <span class='ocrx_word' id='word_1_23' title='bbox 1180 325 1217 363; x_wconf 89' lang='lat' dir='ltr'>in</span> <span class='ocrx_word' id='word_1_24' title='bbox 1231 324 1338 364; x_wconf 82' lang='lat' dir='ltr'>vm.</span> <span class='ocrx_word' id='word_1_25' title='bbox 1362 325 1434 366; x_wconf 85' lang='lat' dir='ltr'>Sed</span> <span class='ocrx_word' id='word_1_26' title='bbox 1456 326 1723 380; x_wconf 81' lang='lat' dir='ltr'>multoplures</span> 
     </span>
     <span class='ocr_line' id='line_1_5' title="bbox 467 376 983 426; baseline 0.006 -13"><span class='ocrx_word' id='word_1_27' title='bbox 467 376 566 426; x_wconf 84' lang='lat' dir='ltr'>apud</span> <span class='ocrx_word' id='word_1_28' title='bbox 582 376 808 416; x_wconf 80' lang='lat' dir='ltr'>Pausaniam.</span> <span class='ocrx_word' id='word_1_29' title='bbox 829 377 983 416; x_wconf 80' lang='lat' dir='ltr'>FABER.</span> 
     </span>
    </p>

    <p class='ocr_par' dir='ltr' id='par_1_3' title="bbox 464 430 1722 536">
     <span class='ocr_line' id='line_1_6' title="bbox 519 430 1722 485; baseline 0.007 -20"><span class='ocrx_word' id='word_1_30' title='bbox 519 432 592 467; x_wconf 68' lang='lat' dir='ltr'>ead.</span> <span class='ocrx_word' id='word_1_31' title='bbox 607 431 631 469; x_wconf 87' lang='lat' dir='ltr'>l.</span> <span class='ocrx_word' id='word_1_32' title='bbox 651 445 707 482; x_wconf 87' lang='lat'>15·</span> <span class='ocrx_word' id='word_1_33' title='bbox 726 430 1022 483; x_wconf 66' lang='grc' dir='ltr'>Κυναλώπεκοις)</span> <span class='ocrx_word' id='word_1_34' title='bbox 1038 430 1271 470; x_wconf 81' lang='lat' dir='ltr'>convicium</span> <span class='ocrx_word' id='word_1_35' title='bbox 1287 430 1637 485; x_wconf 85' lang='lat' dir='ltr'>Aristophanicum.</span> <span class='ocrx_word' id='word_1_36' title='bbox 1658 433 1722 474; x_wconf 85' lang='lat' dir='ltr'>In-</span> 
     </span>
     <span class='ocr_line' id='line_1_7' title="bbox 464 482 1238 536; baseline 0.004 -17"><span class='ocrx_word' id='word_1_37' title='bbox 464 482 601 535; x_wconf 78' lang='lat' dir='ltr'>telligit</span> <span class='ocrx_word' id='word_1_38' title='bbox 621 485 811 524; x_wconf 89' lang='lat' dir='ltr'>Lucianus</span> <span class='ocrx_word' id='word_1_39' title='bbox 825 484 1061 536; x_wconf 85' lang='lat' dir='ltr'>impostores.</span> <span class='ocrx_word' id='word_1_40' title='bbox 1084 484 1113 524; x_wconf 90' lang='lat' dir='ltr'>F</span> <span class='ocrx_word' id='word_1_41' title='bbox 1117 495 1238 524; x_wconf 71' lang='lat' dir='ltr'>ABER.</span> 
     </span>
    </p>

    <p class='ocr_par' dir='ltr' id='par_1_4' title="bbox 462 536 1722 696">
     <span class='ocr_line' id='line_1_8' title="bbox 519 536 1722 593; baseline 0.005 -19"><span class='ocrx_word' id='word_1_42' title='bbox 519 537 610 588; x_wconf 75' lang='lat' dir='ltr'>Pag.</span> <span class='ocrx_word' id='word_1_43' title='bbox 628 551 712 588; x_wconf 80' lang='lat'>294.</span> <span class='ocrx_word' id='word_1_44' title='bbox 727 538 751 575; x_wconf 91' lang='lat' dir='ltr'>l.</span> <span class='ocrx_word' id='word_1_45' title='bbox 770 551 799 590; x_wconf 88' lang='lat'>5.</span> <span class='ocrx_word' id='word_1_46' title='bbox 813 538 866 576; x_wconf 92' lang='grc' dir='ltr'>Ἐν</span> <span class='ocrx_word' id='word_1_47' title='bbox 879 536 1016 577; x_wconf 69' lang='grc' dir='ltr'>καλαῖς</span> <span class='ocrx_word' id='word_1_48' title='bbox 1032 537 1263 590; x_wconf 60' lang='grc' dir='ltr'>Πάτραισιν)</span> <span class='ocrx_word' id='word_1_49' title='bbox 1280 538 1461 589; x_wconf 81' lang='lat' dir='ltr'>Intelligit</span> <span class='ocrx_word' id='word_1_50' title='bbox 1472 539 1722 593; x_wconf 83' lang='lat' dir='ltr'>Theagenem</span> 
     </span>
     <span class='ocr_line' id='line_1_9' title="bbox 463 589 1722 645; baseline 0.004 -17"><span class='ocrx_word' id='word_1_51' title='bbox 463 589 676 641; x_wconf 79' lang='lat' dir='ltr'>Cynicum,</span> <span class='ocrx_word' id='word_1_52' title='bbox 692 603 806 643; x_wconf 88' lang='lat' dir='ltr'>quem</span> <span class='ocrx_word' id='word_1_53' title='bbox 819 591 914 630; x_wconf 89' lang='lat' dir='ltr'>infra</span> <span class='ocrx_word' id='word_1_54' title='bbox 934 591 983 643; x_wconf 93' lang='lat' dir='ltr'>(c.</span> <span class='ocrx_word' id='word_1_55' title='bbox 999 591 1067 644; x_wconf 87' lang='lat'>36)</span> <span class='ocrx_word' id='word_1_56' title='bbox 1085 590 1273 643; x_wconf 82' lang='lat' dir='ltr'>designat,</span> <span class='ocrx_word' id='word_1_57' title='bbox 1293 591 1533 645; x_wconf 63' lang='grc' dir='ltr'>ὃγεννέιὲας,</span> <span class='ocrx_word' id='word_1_58' title='bbox 1552 593 1567 632; x_wconf 83' lang='grc' dir='ltr'><strong><em>ὃ</em></strong></span> <span class='ocrx_word' id='word_1_59' title='bbox 1584 595 1626 632; x_wconf 77' lang='grc' dir='ltr'>ὲιι</span> <span class='ocrx_word' id='word_1_60' title='bbox 1638 598 1722 633; x_wconf 73' lang='grc' dir='ltr'>Ποι-</span> 
     </span>
     <span class='ocr_line' id='line_1_10' title="bbox 462 643 1209 696; baseline 0.003 -14"><span class='ocrx_word' id='word_1_61' title='bbox 462 643 570 696; x_wconf 65' lang='grc' dir='ltr'>τρῶψ</span> <span class='ocrx_word' id='word_1_62' title='bbox 591 644 675 684; x_wconf 87' lang='lat' dir='ltr'>inde</span> <span class='ocrx_word' id='word_1_63' title='bbox 693 645 793 684; x_wconf 83' lang='lat' dir='ltr'>enim</span> <span class='ocrx_word' id='word_1_64' title='bbox 808 645 927 685; x_wconf 87' lang='lat' dir='ltr'>domo</span> <span class='ocrx_word' id='word_1_65' title='bbox 939 656 1034 684; x_wconf 86' lang='lat' dir='ltr'>erat.</span> <span class='ocrx_word' id='word_1_66' title='bbox 1056 644 1209 685; x_wconf 75' lang='lat' dir='ltr'>FABER.</span> 
     </span>
    </p>

    <p class='ocr_par' dir='ltr' id='par_1_5' title="bbox 463 697 1722 793">
     <span class='ocr_line' id='line_1_11' title="bbox 516 697 1722 752; baseline 0.005 -17"><span class='ocrx_word' id='word_1_67' title='bbox 516 700 590 736; x_wconf 82' lang='lat' dir='ltr'>ead.</span> <span class='ocrx_word' id='word_1_68' title='bbox 606 699 629 736; x_wconf 89' lang='lat' dir='ltr'>l.</span> <span class='ocrx_word' id='word_1_69' title='bbox 645 712 681 751; x_wconf 87' lang='lat'>9.</span> <span class='ocrx_word' id='word_1_70' title='bbox 705 697 820 737; x_wconf 66' lang='grc' dir='ltr'>Ταῦτ’</span> <span class='ocrx_word' id='word_1_71' title='bbox 835 697 1029 750; x_wconf 66' lang='grc' dir='ltr'>εἰπόντος)</span> <span class='ocrx_word' id='word_1_72' title='bbox 1055 698 1265 752; x_wconf 84' lang='lat' dir='ltr'>Hucusque</span> <span class='ocrx_word' id='word_1_73' title='bbox 1287 699 1477 750; x_wconf 84' lang='lat' dir='ltr'>anonymi</span> <span class='ocrx_word' id='word_1_74' title='bbox 1497 699 1722 742; x_wconf 81' lang='lat' dir='ltr'>continuata</span> 
     </span>
     <span class='ocr_line' id='line_1_12' title="bbox 463 750 1494 793; baseline 0.004 -5"><span class='ocrx_word' id='word_1_75' title='bbox 463 751 590 789; x_wconf 85' lang='lat' dir='ltr'>oratio</span> <span class='ocrx_word' id='word_1_76' title='bbox 600 750 663 791; x_wconf 85' lang='lat' dir='ltr'>est.</span> <span class='ocrx_word' id='word_1_77' title='bbox 681 751 818 791; x_wconf 83' lang='lat' dir='ltr'>Cetera</span> <span class='ocrx_word' id='word_1_78' title='bbox 832 752 1022 791; x_wconf 87' lang='lat' dir='ltr'>Lucianus</span> <span class='ocrx_word' id='word_1_79' title='bbox 1032 751 1150 792; x_wconf 87' lang='lat' dir='ltr'>veluti</span> <span class='ocrx_word' id='word_1_80' title='bbox 1164 765 1212 792; x_wconf 84' lang='lat' dir='ltr'>ex</span> <span class='ocrx_word' id='word_1_81' title='bbox 1227 751 1313 792; x_wconf 90' lang='lat' dir='ltr'>sese.</span> <span class='ocrx_word' id='word_1_82' title='bbox 1337 753 1494 793; x_wconf 72' lang='lat' dir='ltr'><strong>FABER.</strong></span> 
     </span>
    </p>

    <p class='ocr_par' dir='ltr' id='par_1_6' title="bbox 461 804 1723 910">
     <span class='ocr_line' id='line_1_13' title="bbox 517 804 1723 856; baseline 0.006 -15"><span class='ocrx_word' id='word_1_83' title='bbox 517 807 591 844; x_wconf 84' lang='lat' dir='ltr'>ead.</span> <span class='ocrx_word' id='word_1_84' title='bbox 612 806 635 844; x_wconf 89' lang='lat' dir='ltr'>l.</span> <span class='ocrx_word' id='word_1_85' title='bbox 652 818 666 843; x_wconf 91' lang='lat'>1</span> <span class='ocrx_word' id='word_1_86' title='bbox 681 818 710 845; x_wconf 85' lang='lat'>1.</span> <span class='ocrx_word' id='word_1_87' title='bbox 726 806 901 856; x_wconf 69' lang='lat' dir='ltr'>Kom‘ssn)</span> <span class='ocrx_word' id='word_1_88' title='bbox 923 806 976 845; x_wconf 88' lang='lat' dir='ltr'>Ut</span> <span class='ocrx_word' id='word_1_89' title='bbox 998 804 1107 856; x_wconf 89' lang='lat' dir='ltr'>supra</span> <span class='ocrx_word' id='word_1_90' title='bbox 1120 807 1164 847; x_wconf 90' lang='lat' dir='ltr'>de</span> <span class='ocrx_word' id='word_1_91' title='bbox 1176 807 1311 846; x_wconf 89' lang='lat' dir='ltr'>eodem</span> <span class='ocrx_word' id='word_1_92' title='bbox 1326 807 1550 847; x_wconf 86' lang='lat' dir='ltr'>concionem</span> <span class='ocrx_word' id='word_1_93' title='bbox 1571 806 1723 848; x_wconf 85' lang='lat' dir='ltr'>habitu·</span> 
     </span>
     <span class='ocr_line' id='line_1_14' title="bbox 461 858 1096 910; baseline 0.003 -13"><span class='ocrx_word' id='word_1_94' title='bbox 461 869 508 897; x_wconf 89' lang='lat' dir='ltr'>ro</span> <span class='ocrx_word' id='word_1_95' title='bbox 523 858 670 899; x_wconf 82' lang='lat' dir='ltr'>dixerat</span> <span class='ocrx_word' id='word_1_96' title='bbox 686 860 806 903; x_wconf 77' lang='grc' dir='ltr'>ἀνέβη,</span> <span class='ocrx_word' id='word_1_97' title='bbox 831 873 861 899; x_wconf 90' lang='lat' dir='ltr'>c.</span> <span class='ocrx_word' id='word_1_98' title='bbox 876 873 910 910; x_wconf 95' lang='lat'>7.</span> <span class='ocrx_word' id='word_1_99' title='bbox 938 859 1096 899; x_wconf 61' lang='lat' dir='ltr'>Sor-AN.</span> 
     </span>
    </p>

    <p class='ocr_par' dir='ltr' id='par_1_7' title="bbox 458 909 1728 1284">
     <span class='ocr_line' id='line_1_15' title="bbox 515 909 1724 968; baseline 0.003 -18"><span class='ocrx_word' id='word_1_100' title='bbox 515 914 589 950; x_wconf 83' lang='lat' dir='ltr'>ead.</span> <span class='ocrx_word' id='word_1_101' title='bbox 604 912 627 950; x_wconf 90' lang='lat' dir='ltr'>l.</span> <span class='ocrx_word' id='word_1_102' title='bbox 649 926 705 951; x_wconf 86' lang='lat'>12.</span> <span class='ocrx_word' id='word_1_103' title='bbox 730 915 892 964; x_wconf 71' lang='grc' dir='ltr'>Νέστορα</span> <span class='ocrx_word' id='word_1_104' title='bbox 909 912 946 952; x_wconf 57' lang='grc' dir='ltr'>δ’</span> <span class='ocrx_word' id='word_1_105' title='bbox 960 909 1022 951; x_wconf 73' lang='grc' dir='ltr'>οὐκ</span> <span class='ocrx_word' id='word_1_106' title='bbox 1035 912 1158 952; x_wconf 62' lang='grc' dir='ltr'>ἔλαθεν</span> <span class='ocrx_word' id='word_1_107' title='bbox 1173 913 1297 968; x_wconf 63' lang='grc' dir='ltr'>ιὀιχὶι)</span> <span class='ocrx_word' id='word_1_108' title='bbox 1319 914 1448 953; x_wconf 86' lang='lat' dir='ltr'>Locus</span> <span class='ocrx_word' id='word_1_109' title='bbox 1469 925 1519 953; x_wconf 78' lang='lat' dir='ltr'>ex</span> <span class='ocrx_word' id='word_1_110' title='bbox 1541 914 1724 955; x_wconf 85' lang='lat' dir='ltr'>Homero</span> 
     </span>
     <span class='ocr_line' id='line_1_16' title="bbox 460 965 1728 1019; baseline 0.003 -15"><span class='ocrx_word' id='word_1_111' title='bbox 460 965 506 1004; x_wconf 81' lang='lat' dir='ltr'>ad</span> <span class='ocrx_word' id='word_1_112' title='bbox 529 966 774 1018; x_wconf 80' lang='lat' dir='ltr'>Theagenem</span> <span class='ocrx_word' id='word_1_113' title='bbox 800 967 1011 1005; x_wconf 86' lang='lat' dir='ltr'>translatus.</span> <span class='ocrx_word' id='word_1_114' title='bbox 1044 967 1106 1008; x_wconf 80' lang='lat' dir='ltr'>Est</span> <span class='ocrx_word' id='word_1_115' title='bbox 1129 978 1258 1007; x_wconf 86' lang='lat' dir='ltr'>autem</span> <span class='ocrx_word' id='word_1_116' title='bbox 1281 968 1423 1019; x_wconf 81' lang='lat' dir='ltr'>primus</span> <span class='ocrx_word' id='word_1_117' title='bbox 1446 966 1587 1008; x_wconf 79' lang='lat' dir='ltr'>versus</span> <span class='ocrx_word' id='word_1_118' title='bbox 1601 966 1666 1008; x_wconf 68' lang='grc' dir='ltr'>τῆς</span> <span class='ocrx_word' id='word_1_119' title='bbox 1683 967 1728 1019; x_wconf 79' lang='grc' dir='ltr'>ξῖ</span> 
     </span>
     <span class='ocr_line' id='line_1_17' title="bbox 460 1018 1723 1074; baseline 0.005 -18"><span class='ocrx_word' id='word_1_120' title='bbox 460 1018 673 1069; x_wconf 49' lang='grc' dir='ltr'>ῥαψῳδίας.</span> <span class='ocrx_word' id='word_1_121' title='bbox 693 1020 820 1059; x_wconf 87' lang='lat' dir='ltr'>Huius</span> <span class='ocrx_word' id='word_1_122' title='bbox 841 1021 915 1060; x_wconf 88' lang='lat' dir='ltr'>loci</span> <span class='ocrx_word' id='word_1_123' title='bbox 939 1020 1114 1060; x_wconf 87' lang='lat' dir='ltr'>venustas</span> <span class='ocrx_word' id='word_1_124' title='bbox 1134 1022 1167 1060; x_wconf 87' lang='lat' dir='ltr'>ei</span> <span class='ocrx_word' id='word_1_125' title='bbox 1184 1034 1262 1060; x_wconf 88' lang='lat' dir='ltr'>non</span> <span class='ocrx_word' id='word_1_126' title='bbox 1279 1032 1459 1074; x_wconf 79' lang='lat' dir='ltr'>apparet,</span> <span class='ocrx_word' id='word_1_127' title='bbox 1483 1022 1549 1074; x_wconf 88' lang='lat' dir='ltr'>qui</span> <span class='ocrx_word' id='word_1_128' title='bbox 1570 1020 1723 1062; x_wconf 83' lang='lat' dir='ltr'>versum</span> 
     </span>
     <span class='ocr_line' id='line_1_18' title="bbox 459 1073 1722 1127; baseline 0.004 -17"><span class='ocrx_word' id='word_1_129' title='bbox 459 1073 649 1124; x_wconf 82' lang='lat' dir='ltr'>integrum</span> <span class='ocrx_word' id='word_1_130' title='bbox 669 1087 747 1112; x_wconf 89' lang='lat' dir='ltr'>non</span> <span class='ocrx_word' id='word_1_131' title='bbox 766 1074 875 1126; x_wconf 78' lang='lat' dir='ltr'>legit,</span> <span class='ocrx_word' id='word_1_132' title='bbox 892 1085 1049 1127; x_wconf 85' lang='lat' dir='ltr'>propter</span> <span class='ocrx_word' id='word_1_133' title='bbox 1069 1075 1362 1126; x_wconf 71' lang='grc' dir='ltr'>ἀκροτελεύτιον,</span> <span class='ocrx_word' id='word_1_134' title='bbox 1381 1075 1488 1127; x_wconf 88' lang='lat' dir='ltr'>quod</span> <span class='ocrx_word' id='word_1_135' title='bbox 1504 1074 1662 1116; x_wconf 82' lang='lat' dir='ltr'>mirifice</span> <span class='ocrx_word' id='word_1_136' title='bbox 1675 1076 1722 1115; x_wconf 90' lang='lat' dir='ltr'>ad</span> 
     </span>
     <span class='ocr_line' id='line_1_19' title="bbox 458 1125 1723 1180; baseline 0.002 -14"><span class='ocrx_word' id='word_1_137' title='bbox 458 1128 661 1166; x_wconf 79' lang='lat' dir='ltr'>ridiculum</span> <span class='ocrx_word' id='word_1_138' title='bbox 688 1127 786 1167; x_wconf 72' lang='lat' dir='ltr'>facit.</span> <span class='ocrx_word' id='word_1_139' title='bbox 814 1128 1022 1169; x_wconf 55' lang='lat' dir='ltr'>sinautem</span> <span class='ocrx_word' id='word_1_140' title='bbox 1046 1127 1082 1167; x_wconf 86' lang='lat' dir='ltr'>se</span> <span class='ocrx_word' id='word_1_141' title='bbox 1107 1130 1238 1168; x_wconf 84' lang='lat' dir='ltr'>habet:</span> <span class='ocrx_word' id='word_1_142' title='bbox 1263 1131 1429 1180; x_wconf 62' lang='grc' dir='ltr'>Νέστορα</span> <span class='ocrx_word' id='word_1_143' title='bbox 1450 1127 1490 1168; x_wconf 60' lang='lat'>&lt;9²</span> <span class='ocrx_word' id='word_1_144' title='bbox 1511 1125 1575 1167; x_wconf 74' lang='grc' dir='ltr'>οὐκ.</span> <span class='ocrx_word' id='word_1_145' title='bbox 1594 1128 1723 1168; x_wconf 71' lang='grc' dir='ltr'>ἔλαθεν</span> 
     </span>
     <span class='ocr_line' id='line_1_20' title="bbox 460 1179 1721 1232; baseline 0.003 -14"><span class='ocrx_word' id='word_1_146' title='bbox 460 1179 562 1232; x_wconf 64' lang='grc' dir='ltr'>ἰαχὴ</span> <span class='ocrx_word' id='word_1_147' title='bbox 577 1182 734 1220; x_wconf 60' lang='grc' dir='ltr'>πίνοντά</span> <span class='ocrx_word' id='word_1_148' title='bbox 749 1197 818 1231; x_wconf 64' lang='grc' dir='ltr'>περ</span> <span class='ocrx_word' id='word_1_149' title='bbox 835 1183 970 1231; x_wconf 75' lang='grc' dir='ltr'><em>ἔμπης,</em></span> <span class='ocrx_word' id='word_1_150' title='bbox 991 1183 1024 1220; x_wconf 91' lang='lat' dir='ltr'>id</span> <span class='ocrx_word' id='word_1_151' title='bbox 1039 1181 1106 1226; x_wconf 84' lang='lat' dir='ltr'>est,</span> <span class='ocrx_word' id='word_1_152' title='bbox 1128 1184 1242 1222; x_wconf 87' lang='lat' dir='ltr'>etiam</span> <span class='ocrx_word' id='word_1_153' title='bbox 1257 1182 1286 1222; x_wconf 85' lang='lat' dir='ltr'>s1</span> <span class='ocrx_word' id='word_1_154' title='bbox 1300 1182 1447 1222; x_wconf 79' lang='lat' dir='ltr'>biberet</span> <span class='ocrx_word' id='word_1_155' title='bbox 1458 1182 1613 1232; x_wconf 84' lang='lat' dir='ltr'>Nestor,</span> <span class='ocrx_word' id='word_1_156' title='bbox 1630 1195 1721 1222; x_wconf 88' lang='lat' dir='ltr'>eum</span> 
     </span>
     <span class='ocr_line' id='line_1_21' title="bbox 459 1235 1721 1284; baseline 0.004 -12"><span class='ocrx_word' id='word_1_157' title='bbox 459 1244 587 1273; x_wconf 84' lang='lat' dir='ltr'>tamen</span> <span class='ocrx_word' id='word_1_158' title='bbox 608 1235 752 1274; x_wconf 81' lang='lat' dir='ltr'>clamor</span> <span class='ocrx_word' id='word_1_159' title='bbox 778 1249 856 1274; x_wconf 88' lang='lat' dir='ltr'>non</span> <span class='ocrx_word' id='word_1_160' title='bbox 877 1236 993 1275; x_wconf 81' lang='lat' dir='ltr'>latuit.</span> <span class='ocrx_word' id='word_1_161' title='bbox 1015 1236 1172 1276; x_wconf 72' lang='lat' dir='ltr'><strong>FABER.</strong></span> <span class='ocrx_word' id='word_1_162' title='bbox 1194 1237 1354 1276; x_wconf 87' lang='lat' dir='ltr'>Homer.</span> <span class='ocrx_word' id='word_1_163' title='bbox 1369 1235 1413 1274; x_wconf 90' lang='lat'>11.</span> <span class='ocrx_word' id='word_1_164' title='bbox 1433 1241 1465 1274; x_wconf 91' lang='grc' dir='ltr'>Ξ</span> <span class='ocrx_word' id='word_1_165' title='bbox 1479 1265 1490 1284; x_wconf 87' lang='grc'>,</span> <span class='ocrx_word' id='word_1_166' title='bbox 1510 1250 1541 1275; x_wconf 90' lang='lat'>1.</span> <span class='ocrx_word' id='word_1_167' title='bbox 1561 1235 1721 1277; x_wconf 60' lang='lat' dir='ltr'>SOLAN,</span> 
     </span>
    </p>

    <p class='ocr_par' dir='ltr' id='par_1_8' title="bbox 457 1284 1724 1447">
     <span class='ocr_line' id='line_1_22' title="bbox 514 1284 1722 1343; baseline 0.003 -17"><span class='ocrx_word' id='word_1_168' title='bbox 514 1291 586 1326; x_wconf 84' lang='lat' dir='ltr'>ead.</span> <span class='ocrx_word' id='word_1_169' title='bbox 609 1289 633 1327; x_wconf 88' lang='lat' dir='ltr'>l.</span> <span class='ocrx_word' id='word_1_170' title='bbox 652 1303 709 1336; x_wconf 87' lang='lat'>14-</span> <span class='ocrx_word' id='word_1_171' title='bbox 725 1284 776 1327; x_wconf 76' lang='grc' dir='ltr'>Οὔ</span> <span class='ocrx_word' id='word_1_172' title='bbox 793 1291 871 1341; x_wconf 63' lang='grc' dir='ltr'>γὰρ</span> <span class='ocrx_word' id='word_1_173' title='bbox 883 1286 988 1343; x_wconf 50' lang='grc' dir='ltr'>εῖδει)</span> <span class='ocrx_word' id='word_1_174' title='bbox 1007 1290 1130 1329; x_wconf 86' lang='lat' dir='ltr'>Miror</span> <span class='ocrx_word' id='word_1_175' title='bbox 1143 1289 1254 1338; x_wconf 88' lang='lat' dir='ltr'>sane,</span> <span class='ocrx_word' id='word_1_176' title='bbox 1273 1303 1352 1330; x_wconf 88' lang='lat' dir='ltr'>rem</span> <span class='ocrx_word' id='word_1_177' title='bbox 1368 1288 1579 1330; x_wconf 85' lang='lat' dir='ltr'>huiusmodi</span> <span class='ocrx_word' id='word_1_178' title='bbox 1592 1291 1722 1331; x_wconf 74' lang='lat' dir='ltr'>curio.-</span> 
     </span>
     <span class='ocr_line' id='line_1_23' title="bbox 459 1340 1724 1396; baseline 0.004 -16"><span class='ocrx_word' id='word_1_179' title='bbox 459 1340 604 1381; x_wconf 80' lang='lat' dir='ltr'>sitatem</span> <span class='ocrx_word' id='word_1_180' title='bbox 621 1343 774 1381; x_wconf 84' lang='lat' dir='ltr'>Luciani</span> <span class='ocrx_word' id='word_1_181' title='bbox 789 1342 980 1395; x_wconf 68' lang='lat' dir='ltr'>effrigiffe3</span> <span class='ocrx_word' id='word_1_182' title='bbox 1004 1343 1096 1395; x_wconf 88' lang='lat' dir='ltr'>quin</span> <span class='ocrx_word' id='word_1_183' title='bbox 1111 1345 1239 1396; x_wconf 89' lang='lat' dir='ltr'>potius</span> <span class='ocrx_word' id='word_1_184' title='bbox 1255 1344 1332 1396; x_wconf 83' lang='lat' dir='ltr'>ipse</span> <span class='ocrx_word' id='word_1_185' title='bbox 1344 1343 1534 1384; x_wconf 84' lang='lat' dir='ltr'>Lucianus</span> <span class='ocrx_word' id='word_1_186' title='bbox 1553 1344 1622 1384; x_wconf 90' lang='lat' dir='ltr'>sub</span> <span class='ocrx_word' id='word_1_187' title='bbox 1639 1345 1724 1385; x_wconf 83' lang='lat' dir='ltr'>eius</span> 
     </span>
     <span class='ocr_line' id='line_1_24' title="bbox 457 1395 1433 1447; baseline 0.003 -14"><span class='ocrx_word' id='word_1_188' title='bbox 457 1395 619 1447; x_wconf 86' lang='lat' dir='ltr'>persona</span> <span class='ocrx_word' id='word_1_189' title='bbox 638 1397 756 1436; x_wconf 83' lang='lat' dir='ltr'>latere</span> <span class='ocrx_word' id='word_1_190' title='bbox 774 1397 935 1436; x_wconf 70' lang='lat' dir='ltr'>voluisse</span> <span class='ocrx_word' id='word_1_191' title='bbox 953 1396 1157 1437; x_wconf 85' lang='lat' dir='ltr'>censendus</span> <span class='ocrx_word' id='word_1_192' title='bbox 1180 1398 1244 1437; x_wconf 83' lang='lat' dir='ltr'>est.</span> <span class='ocrx_word' id='word_1_193' title='bbox 1273 1397 1433 1437; x_wconf 73' lang='lat' dir='ltr'><strong>SOLAN.</strong></span> 
     </span>
    </p>

    <p class='ocr_par' dir='ltr' id='par_1_9' title="bbox 457 1449 1721 1610">
     <span class='ocr_line' id='line_1_25' title="bbox 514 1449 1720 1504; baseline 0.004 -18"><span class='ocrx_word' id='word_1_194' title='bbox 514 1449 604 1499; x_wconf 67' lang='lat' dir='ltr'>Pag.</span> <span class='ocrx_word' id='word_1_195' title='bbox 624 1464 711 1499; x_wconf 81' lang='lat'>295.</span> <span class='ocrx_word' id='word_1_196' title='bbox 731 1452 753 1488; x_wconf 90' lang='lat' dir='ltr'>l.</span> <span class='ocrx_word' id='word_1_197' title='bbox 774 1465 805 1489; x_wconf 89' lang='lat'>1.</span> <span class='ocrx_word' id='word_1_198' title='bbox 829 1451 1089 1490; x_wconf 57' lang='lat' dir='ltr'>‘Eamvosinai</span> <span class='ocrx_word' id='word_1_199' title='bbox 1117 1474 1159 1481; x_wconf 97' lang='lat'><strong>—</strong></span> <span class='ocrx_word' id='word_1_200' title='bbox 1184 1451 1429 1504; x_wconf 72' lang='grc' dir='ltr'>Ὀλυμπίαν)</span> <span class='ocrx_word' id='word_1_201' title='bbox 1449 1449 1720 1492; x_wconf 78' lang='lat' dir='ltr'>consulendus</span> 
     </span>
     <span class='ocr_line' id='line_1_26' title="bbox 459 1502 1721 1559; baseline 0.004 -19"><span class='ocrx_word' id='word_1_202' title='bbox 459 1502 519 1541; x_wconf 90' lang='lat' dir='ltr'>hic</span> <span class='ocrx_word' id='word_1_203' title='bbox 545 1502 744 1543; x_wconf 74' lang='lat' dir='ltr'>Pausanias</span> <span class='ocrx_word' id='word_1_204' title='bbox 764 1505 803 1543; x_wconf 92' lang='lat' dir='ltr'>in</span> <span class='ocrx_word' id='word_1_205' title='bbox 828 1503 985 1554; x_wconf 84' lang='lat' dir='ltr'>Eliacis,</span> <span class='ocrx_word' id='word_1_206' title='bbox 1006 1516 1049 1545; x_wconf 88' lang='lat' dir='ltr'>ut</span> <span class='ocrx_word' id='word_1_207' title='bbox 1072 1506 1367 1559; x_wconf 85' lang='lat' dir='ltr'>topographiam</span> <span class='ocrx_word' id='word_1_208' title='bbox 1389 1505 1502 1545; x_wconf 87' lang='lat' dir='ltr'>huius</span> <span class='ocrx_word' id='word_1_209' title='bbox 1525 1504 1721 1546; x_wconf 83' lang='lat' dir='ltr'>Dramatis</span> 
     </span>
     <span class='ocr_line' id='line_1_27' title="bbox 457 1556 965 1610; baseline 0.008 -16"><span class='ocrx_word' id='word_1_210' title='bbox 457 1556 560 1595; x_wconf 62' lang='lat' dir='ltr'>recte</span> <span class='ocrx_word' id='word_1_211' title='bbox 578 1556 785 1610; x_wconf 72' lang='lat' dir='ltr'>assequens.</span> <span class='ocrx_word' id='word_1_212' title='bbox 807 1557 965 1598; x_wconf 77' lang='lat' dir='ltr'><strong>SOLAN.</strong></span> 
     </span>
    </p>

    <p class='ocr_par' dir='ltr' id='par_1_10' title="bbox 456 1610 1720 1816">
     <span class='ocr_line' id='line_1_28' title="bbox 512 1610 1720 1665; baseline 0.004 -18"><span class='ocrx_word' id='word_1_213' title='bbox 512 1610 593 1649; x_wconf 83' lang='lat' dir='ltr'>ibid.</span> <span class='ocrx_word' id='word_1_214' title='bbox 619 1611 793 1664; x_wconf 67' lang='grc' dir='ltr'>Πλεθρίῳ)</span> <span class='ocrx_word' id='word_1_215' title='bbox 809 1612 939 1657; x_wconf 83' lang='lat' dir='ltr'>Circo,</span> <span class='ocrx_word' id='word_1_216' title='bbox 958 1613 1092 1665; x_wconf 82' lang='lat' dir='ltr'>interp.</span> <span class='ocrx_word' id='word_1_217' title='bbox 1105 1611 1363 1652; x_wconf 86' lang='lat' dir='ltr'>Retinendum</span> <span class='ocrx_word' id='word_1_218' title='bbox 1378 1611 1474 1658; x_wconf 86' lang='lat' dir='ltr'>fuit,</span> <span class='ocrx_word' id='word_1_219' title='bbox 1489 1612 1527 1651; x_wconf 81' lang='lat' dir='ltr'>in</span> <span class='ocrx_word' id='word_1_220' title='bbox 1540 1612 1691 1653; x_wconf 79' lang='lat' dir='ltr'>Pletlm&#39;o</span> <span class='ocrx_word' id='word_1_221' title='bbox 1702 1628 1720 1661; x_wconf 93' lang='grc'>,·</span> 
     </span>
     <span class='ocr_line' id='line_1_29' title="bbox 456 1662 1719 1719; baseline 0.003 -17"><span class='ocrx_word' id='word_1_222' title='bbox 456 1662 567 1703; x_wconf 88' lang='lat' dir='ltr'>locus</span> <span class='ocrx_word' id='word_1_223' title='bbox 582 1677 661 1703; x_wconf 83' lang='lat' dir='ltr'>erat</span> <span class='ocrx_word' id='word_1_224' title='bbox 679 1667 715 1703; x_wconf 86' lang='lat' dir='ltr'>in</span> <span class='ocrx_word' id='word_1_225' title='bbox 732 1665 951 1718; x_wconf 80' lang='lat' dir='ltr'>Gymnasio</span> <span class='ocrx_word' id='word_1_226' title='bbox 969 1667 1162 1707; x_wconf 83' lang='lat' dir='ltr'>Eleorum.</span> <span class='ocrx_word' id='word_1_227' title='bbox 1179 1665 1400 1707; x_wconf 85' lang='lat' dir='ltr'>Pausanias:</span> <span class='ocrx_word' id='word_1_228' title='bbox 1424 1665 1533 1718; x_wconf 82' lang='lat'>(202,</span> <span class='ocrx_word' id='word_1_229' title='bbox 1553 1665 1611 1719; x_wconf 90' lang='lat'>6.)</span> <span class='ocrx_word' id='word_1_230' title='bbox 1631 1666 1719 1706; x_wconf 76' lang='grc' dir='ltr'>’ἐστι</span> 
     </span>
     <span class='ocr_line' id='line_1_30' title="bbox 458 1716 1720 1773; baseline 0.002 -17"><span class='ocrx_word' id='word_1_231' title='bbox 458 1716 505 1756; x_wconf 56' lang='grc' dir='ltr'>ἑὲ</span> <span class='ocrx_word' id='word_1_232' title='bbox 526 1718 561 1757; x_wconf 79' lang='grc' dir='ltr'>ἐν</span> <span class='ocrx_word' id='word_1_233' title='bbox 580 1719 781 1773; x_wconf 70' lang='grc' dir='ltr'>’γυμνασίῳ</span> <span class='ocrx_word' id='word_1_234' title='bbox 806 1723 848 1758; x_wconf 71' lang='grc' dir='ltr'>τὸ</span> <span class='ocrx_word' id='word_1_235' title='bbox 875 1721 1096 1770; x_wconf 72' lang='grc' dir='ltr'>καλούμενον</span> <span class='ocrx_word' id='word_1_236' title='bbox 1113 1719 1295 1771; x_wconf 74' lang='grc' dir='ltr'>Πλέθριον.</span> <span class='ocrx_word' id='word_1_237' title='bbox 1318 1720 1354 1760; x_wconf 80' lang='grc' dir='ltr'>ἐν</span> <span class='ocrx_word' id='word_1_238' title='bbox 1369 1719 1407 1760; x_wconf 55' lang='grc' dir='ltr'>θ’</span> <span class='ocrx_word' id='word_1_239' title='bbox 1423 1716 1529 1769; x_wconf 65' lang='grc' dir='ltr'>ὠῦτῷ</span> <span class='ocrx_word' id='word_1_240' title='bbox 1548 1719 1720 1772; x_wconf 70' lang='grc' dir='ltr'>συμβάλ-</span> 
     </span>
     <span class='ocr_line' id='line_1_31' title="bbox 457 1772 1713 1816; baseline 0.004 -6"><span class='ocrx_word' id='word_1_241' title='bbox 457 1782 585 1811; x_wconf 75' lang='grc' dir='ltr'>λουσιν</span> <span class='ocrx_word' id='word_1_242' title='bbox 609 1772 639 1811; x_wconf 79' lang='grc' dir='ltr'>οἱ</span> <span class='ocrx_word' id='word_1_243' title='bbox 656 1772 916 1813; x_wconf 54' lang='lat' dir='ltr'>‘ammomum</span> <span class='ocrx_word' id='word_1_244' title='bbox 937 1776 1022 1814; x_wconf 78' lang='grc' dir='ltr'>τοὺς</span> <span class='ocrx_word' id='word_1_245' title='bbox 1042 1775 1115 1814; x_wconf 73' lang='grc' dir='ltr'>διε.</span> <span class='ocrx_word' id='word_1_246' title='bbox 1137 1774 1293 1814; x_wconf 81' lang='lat' dir='ltr'>FABER.</span> <span class='ocrx_word' id='word_1_247' title='bbox 1698 1805 1713 1816; x_wconf 77' lang='grc'>,.</span> 
     </span>
    </p>

    <p class='ocr_par' dir='ltr' id='par_1_11' title="bbox 455 1826 1721 2310">
     <span class='ocr_line' id='line_1_32' title="bbox 512 1826 1721 1882; baseline 0.004 -18"><span class='ocrx_word' id='word_1_248' title='bbox 512 1828 584 1864; x_wconf 82' lang='lat' dir='ltr'>ead.</span> <span class='ocrx_word' id='word_1_249' title='bbox 598 1827 620 1864; x_wconf 95' lang='lat' dir='ltr'>l.</span> <span class='ocrx_word' id='word_1_250' title='bbox 637 1840 670 1866; x_wconf 87' lang='lat'>2.</span> <span class='ocrx_word' id='word_1_251' title='bbox 693 1826 827 1866; x_wconf 71' lang='grc' dir='ltr'>Ταῦτα.</span> <span class='ocrx_word' id='word_1_252' title='bbox 839 1828 908 1876; x_wconf 84' lang='grc' dir='ltr'>μέν</span> <span class='ocrx_word' id='word_1_253' title='bbox 923 1828 1001 1881; x_wconf 75' lang='grc' dir='ltr'>σοι)</span> <span class='ocrx_word' id='word_1_254' title='bbox 1021 1829 1112 1882; x_wconf 86' lang='lat' dir='ltr'>Leg.</span> <span class='ocrx_word' id='word_1_255' title='bbox 1129 1828 1262 1866; x_wconf 66' lang='grc' dir='ltr'><strong><em>ταῦτα</em></strong></span> <span class='ocrx_word' id='word_1_256' title='bbox 1282 1827 1425 1878; x_wconf 82' lang='grc' dir='ltr'>μέντοι.</span> <span class='ocrx_word' id='word_1_257' title='bbox 1444 1826 1600 1869; x_wconf 75' lang='lat' dir='ltr'>FABER.</span> <span class='ocrx_word' id='word_1_258' title='bbox 1621 1827 1721 1869; x_wconf 71' lang='lat' dir='ltr'>VuL-</span> 
     </span>
     <span class='ocr_line' id='line_1_33' title="bbox 458 1880 1719 1935; baseline 0.003 -18"><span class='ocrx_word' id='word_1_259' title='bbox 458 1890 583 1933; x_wconf 84' lang='lat' dir='ltr'>gatam</span> <span class='ocrx_word' id='word_1_260' title='bbox 598 1891 732 1920; x_wconf 90' lang='lat' dir='ltr'>contra</span> <span class='ocrx_word' id='word_1_261' title='bbox 749 1882 916 1921; x_wconf 89' lang='lat' dir='ltr'>Fabrum</span> <span class='ocrx_word' id='word_1_262' title='bbox 933 1883 1061 1922; x_wconf 84' lang='lat' dir='ltr'>multis</span> <span class='ocrx_word' id='word_1_263' title='bbox 1079 1882 1261 1935; x_wconf 83' lang='lat' dir='ltr'>exemplis</span> <span class='ocrx_word' id='word_1_264' title='bbox 1273 1913 1284 1930; x_wconf 95' lang='lat'>,</span> <span class='ocrx_word' id='word_1_265' title='bbox 1298 1882 1366 1921; x_wconf 85' lang='lat' dir='ltr'>ubi</span> <span class='ocrx_word' id='word_1_266' title='bbox 1386 1895 1442 1921; x_wconf 80' lang='grc' dir='ltr'>σοι</span> <span class='ocrx_word' id='word_1_267' title='bbox 1457 1880 1509 1921; x_wconf 85' lang='lat' dir='ltr'>fic</span> <span class='ocrx_word' id='word_1_268' title='bbox 1529 1881 1719 1929; x_wconf 81' lang='lat' dir='ltr'>abundat,</span> 
     </span>
     <span class='ocr_line' id='line_1_34' title="bbox 457 1932 1718 1988; baseline 0.006 -17"><span class='ocrx_word' id='word_1_269' title='bbox 457 1932 622 1972; x_wconf 88' lang='lat' dir='ltr'>defendit</span> <span class='ocrx_word' id='word_1_270' title='bbox 634 1934 727 1974; x_wconf 88' lang='lat' dir='ltr'>lens.</span> <span class='ocrx_word' id='word_1_271' title='bbox 744 1935 779 1973; x_wconf 88' lang='lat' dir='ltr'>in</span> <span class='ocrx_word' id='word_1_272' title='bbox 796 1936 913 1976; x_wconf 55' lang='lat' dir='ltr'>Lech.</span> <span class='ocrx_word' id='word_1_273' title='bbox 927 1936 1082 1976; x_wconf 89' lang='lat' dir='ltr'>Lucian.</span> <span class='ocrx_word' id='word_1_274' title='bbox 1099 1949 1182 1988; x_wconf 79' lang='lat' dir='ltr'>pag.</span> <span class='ocrx_word' id='word_1_275' title='bbox 1198 1937 1247 1976; x_wconf 90' lang='lat'>62</span> <span class='ocrx_word' id='word_1_276' title='bbox 1259 1966 1271 1985; x_wconf 89' lang='lat'>‚</span> <span class='ocrx_word' id='word_1_277' title='bbox 1289 1935 1492 1976; x_wconf 71' lang='lat' dir='ltr'>occasione</span> <span class='ocrx_word' id='word_1_278' title='bbox 1504 1934 1718 1978; x_wconf 80' lang='lat' dir='ltr'>verborum</span> 
     </span>
     <span class='ocr_line' id='line_1_35' title="bbox 457 1985 1718 2042; baseline 0.003 -17"><span class='ocrx_word' id='word_1_279' title='bbox 457 1987 497 2025; x_wconf 84' lang='lat' dir='ltr'>in</span> <span class='ocrx_word' id='word_1_280' title='bbox 514 1988 685 2027; x_wconf 86' lang='lat' dir='ltr'>Timone</span> <span class='ocrx_word' id='word_1_281' title='bbox 695 1988 744 2028; x_wconf 85' lang='lat' dir='ltr'>T.</span> <span class='ocrx_word' id='word_1_282' title='bbox 760 1989 801 2035; x_wconf 90' lang='grc' dir='ltr'>Ι,</span> <span class='ocrx_word' id='word_1_283' title='bbox 816 2002 848 2029; x_wconf 89' lang='lat' dir='ltr'>c.</span> <span class='ocrx_word' id='word_1_284' title='bbox 865 2005 926 2042; x_wconf 83' lang='lat'>52,</span> <span class='ocrx_word' id='word_1_285' title='bbox 939 1991 1047 2031; x_wconf 68' lang='grc' dir='ltr'><strong><em>τουτὶ</em></strong></span> <span class='ocrx_word' id='word_1_286' title='bbox 1060 1990 1126 2040; x_wconf 82' lang='grc' dir='ltr'>μὲν</span> <span class='ocrx_word' id='word_1_287' title='bbox 1138 1985 1275 2029; x_wconf 58' lang='lat' dir='ltr'>odito-01.</span> <span class='ocrx_word' id='word_1_288' title='bbox 1296 1989 1351 2028; x_wconf 91' lang='lat' dir='ltr'>At</span> <span class='ocrx_word' id='word_1_289' title='bbox 1365 1989 1432 2028; x_wconf 83' lang='lat' dir='ltr'>vix</span> <span class='ocrx_word' id='word_1_290' title='bbox 1451 1988 1543 2027; x_wconf 89' lang='lat' dir='ltr'>mihi</span> <span class='ocrx_word' id='word_1_291' title='bbox 1563 1987 1718 2041; x_wconf 87' lang='lat' dir='ltr'>persua-</span> 
     </span>
     <span class='ocr_line' id='line_1_36' title="bbox 457 2040 1717 2097; baseline 0.004 -18"><span class='ocrx_word' id='word_1_292' title='bbox 457 2040 556 2087; x_wconf 91' lang='lat' dir='ltr'>deo,</span> <span class='ocrx_word' id='word_1_293' title='bbox 570 2042 863 2094; x_wconf 83' lang='lat' dir='ltr'>vulgatiffimum</span> <span class='ocrx_word' id='word_1_294' title='bbox 884 2045 987 2084; x_wconf 81' lang='lat' dir='ltr'>illum</span> <span class='ocrx_word' id='word_1_295' title='bbox 1012 2043 1273 2097; x_wconf 81' lang='lat' dir='ltr'>pleonasmum</span> <span class='ocrx_word' id='word_1_296' title='bbox 1288 2042 1632 2090; x_wconf 75' lang='lat' dir='ltr'>latuiffeFabrum3</span> <span class='ocrx_word' id='word_1_297' title='bbox 1655 2041 1717 2085; x_wconf 83' lang='lat' dir='ltr'>sed</span> 
     </span>
     <span class='ocr_line' id='line_1_37' title="bbox 455 2095 1720 2149; baseline 0.004 -16"><span class='ocrx_word' id='word_1_298' title='bbox 455 2109 516 2134; x_wconf 78' lang='grc' dir='ltr'>τοι</span> <span class='ocrx_word' id='word_1_299' title='bbox 538 2095 597 2135; x_wconf 90' lang='lat' dir='ltr'>hic</span> <span class='ocrx_word' id='word_1_300' title='bbox 615 2096 823 2149; x_wconf 81' lang='lat' dir='ltr'>elegantius</span> <span class='ocrx_word' id='word_1_301' title='bbox 837 2099 873 2137; x_wconf 90' lang='lat' dir='ltr'>ei</span> <span class='ocrx_word' id='word_1_302' title='bbox 887 2097 1008 2138; x_wconf 89' lang='lat' dir='ltr'>visum</span> <span class='ocrx_word' id='word_1_303' title='bbox 1021 2130 1033 2146; x_wconf 86' lang='lat'><strong>‚</strong></span> <span class='ocrx_word' id='word_1_304' title='bbox 1059 2111 1102 2137; x_wconf 92' lang='lat' dir='ltr'>ac</span> <span class='ocrx_word' id='word_1_305' title='bbox 1123 2098 1257 2137; x_wconf 90' lang='lat' dir='ltr'>melius</span> <span class='ocrx_word' id='word_1_306' title='bbox 1278 2096 1509 2149; x_wconf 76' lang='lat' dir='ltr'>respondere</span> <span class='ocrx_word' id='word_1_307' title='bbox 1531 2095 1720 2149; x_wconf 69' lang='lat' dir='ltr'>sequenti·</span> 
     </span>
     <span class='ocr_line' id='line_1_38' title="bbox 456 2149 1718 2202; baseline 0.004 -15"><span class='ocrx_word' id='word_1_308' title='bbox 456 2149 547 2192; x_wconf 80' lang='lat' dir='ltr'>bus,</span> <span class='ocrx_word' id='word_1_309' title='bbox 570 2151 605 2187; x_wconf 86' lang='lat' dir='ltr'>in</span> <span class='ocrx_word' id='word_1_310' title='bbox 628 2164 708 2200; x_wconf 79' lang='lat' dir='ltr'>quo</span> <span class='ocrx_word' id='word_1_311' title='bbox 729 2164 790 2190; x_wconf 89' lang='lat' dir='ltr'>me</span> <span class='ocrx_word' id='word_1_312' title='bbox 810 2164 888 2191; x_wconf 89' lang='lat' dir='ltr'>non</span> <span class='ocrx_word' id='word_1_313' title='bbox 911 2153 1068 2191; x_wconf 83' lang='lat' dir='ltr'>habebit</span> <span class='ocrx_word' id='word_1_314' title='bbox 1093 2151 1376 2199; x_wconf 83' lang='lat' dir='ltr'>adversantem,</span> <span class='ocrx_word' id='word_1_315' title='bbox 1397 2161 1440 2190; x_wconf 89' lang='lat' dir='ltr'>ut</span> <span class='ocrx_word' id='word_1_316' title='bbox 1457 2150 1622 2202; x_wconf 86' lang='lat' dir='ltr'>primum</span> <span class='ocrx_word' id='word_1_317' title='bbox 1647 2163 1718 2193; x_wconf 82' lang='lat' dir='ltr'>au·</span> 
     </span>
     <span class='ocr_line' id='line_1_39' title="bbox 458 2203 1719 2257; baseline 0.001 -14"><span class='ocrx_word' id='word_1_318' title='bbox 458 2204 615 2243; x_wconf 68' lang='lat' dir='ltr'>&amp;oritas</span> <span class='ocrx_word' id='word_1_319' title='bbox 632 2204 757 2244; x_wconf 88' lang='lat' dir='ltr'>Codd.</span> <span class='ocrx_word' id='word_1_320' title='bbox 771 2205 981 2254; x_wconf 79' lang='lat' dir='ltr'>accefferit3</span> <span class='ocrx_word' id='word_1_321' title='bbox 1005 2206 1065 2246; x_wconf 87' lang='lat' dir='ltr'>sed</span> <span class='ocrx_word' id='word_1_322' title='bbox 1085 2219 1171 2246; x_wconf 90' lang='lat' dir='ltr'>cum</span> <span class='ocrx_word' id='word_1_323' title='bbox 1187 2206 1224 2245; x_wconf 75' lang='grc' dir='ltr'>δι</span> <span class='ocrx_word' id='word_1_324' title='bbox 1237 2204 1440 2257; x_wconf 66' lang='lat' dir='ltr'>vuigatum</span> <span class='ocrx_word' id='word_1_325' title='bbox 1462 2204 1630 2256; x_wconf 84' lang='lat' dir='ltr'>probum</span> <span class='ocrx_word' id='word_1_326' title='bbox 1643 2203 1719 2253; x_wconf 84' lang='lat' dir='ltr'>est,</span> 
     </span>
     <span class='ocr_line' id='line_1_40' title="bbox 458 2257 1710 2310; baseline 0.002 -16"><span class='ocrx_word' id='word_1_327' title='bbox 458 2257 563 2310; x_wconf 89' lang='lat' dir='ltr'>quod</span> <span class='ocrx_word' id='word_1_328' title='bbox 580 2258 679 2298; x_wconf 63' lang='lat' dir='ltr'>recte</span> <span class='ocrx_word' id='word_1_329' title='bbox 695 2260 890 2299; x_wconf 87' lang='lat' dir='ltr'>contendit</span> <span class='ocrx_word' id='word_1_330' title='bbox 903 2259 1050 2301; x_wconf 81' lang='lat' dir='ltr'>Ienfius</span> <span class='ocrx_word' id='word_1_331' title='bbox 1061 2291 1071 2307; x_wconf 83' lang='lat'>‚</span> <span class='ocrx_word' id='word_1_332' title='bbox 1090 2261 1183 2299; x_wconf 80' lang='lat' dir='ltr'>nihil</span> <span class='ocrx_word' id='word_1_333' title='bbox 1199 2259 1447 2299; x_wconf 84' lang='lat' dir='ltr'>movendum.</span> <span class='ocrx_word' id='word_1_334' title='bbox 1466 2257 1607 2298; x_wconf 75' lang='grc' dir='ltr'><strong>ΚΕΗ-Ζ.</strong></span> <span class='ocrx_word' id='word_1_335' title='bbox 1707 2299 1710 2301; x_wconf 66' lang='grc'><em>,</em></span> 
     </span>
    </p>

    <p class='ocr_par' dir='ltr' id='par_1_12' title="bbox 455 2311 1724 2480">
     <span class='ocr_line' id='line_1_41' title="bbox 512 2311 1717 2367; baseline 0.002 -19"><span class='ocrx_word' id='word_1_336' title='bbox 512 2313 587 2349; x_wconf 81' lang='lat' dir='ltr'>ead.</span> <span class='ocrx_word' id='word_1_337' title='bbox 601 2312 625 2350; x_wconf 91' lang='lat' dir='ltr'>l.</span> <span class='ocrx_word' id='word_1_338' title='bbox 645 2326 677 2364; x_wconf 86' lang='lat'>3.</span> <span class='ocrx_word' id='word_1_339' title='bbox 694 2311 992 2367; x_wconf 59' lang='grc' dir='ltr'>Ὀπισῧόὲομος)</span> <span class='ocrx_word' id='word_1_340' title='bbox 1015 2314 1204 2354; x_wconf 84' lang='lat' dir='ltr'>Credibile</span> <span class='ocrx_word' id='word_1_341' title='bbox 1219 2313 1292 2358; x_wconf 86' lang='lat' dir='ltr'>est,</span> <span class='ocrx_word' id='word_1_342' title='bbox 1317 2311 1425 2353; x_wconf 75' lang='lat' dir='ltr'>fuisse</span> <span class='ocrx_word' id='word_1_343' title='bbox 1449 2323 1629 2364; x_wconf 81' lang='lat' dir='ltr'>magnum</span> <span class='ocrx_word' id='word_1_344' title='bbox 1653 2311 1717 2350; x_wconf 87' lang='lat' dir='ltr'>ali-</span> 
     </span>
     <span class='ocr_line' id='line_1_42' title="bbox 455 2364 1718 2420; baseline 0.002 -18"><span class='ocrx_word' id='word_1_345' title='bbox 455 2365 564 2415; x_wconf 87' lang='lat' dir='ltr'>quod</span> <span class='ocrx_word' id='word_1_346' title='bbox 585 2367 721 2404; x_wconf 86' lang='lat' dir='ltr'>arrium</span> <span class='ocrx_word' id='word_1_347' title='bbox 733 2396 746 2412; x_wconf 93' lang='lat'>‚</span> <span class='ocrx_word' id='word_1_348' title='bbox 765 2379 830 2406; x_wconf 87' lang='lat' dir='ltr'>aut</span> <span class='ocrx_word' id='word_1_349' title='bbox 845 2369 935 2420; x_wconf 87' lang='lat' dir='ltr'>quid</span> <span class='ocrx_word' id='word_1_350' title='bbox 951 2368 1042 2416; x_wconf 84' lang='lat' dir='ltr'>tale,</span> <span class='ocrx_word' id='word_1_351' title='bbox 1065 2367 1171 2407; x_wconf 86' lang='lat' dir='ltr'>Iovis</span> <span class='ocrx_word' id='word_1_352' title='bbox 1185 2367 1329 2419; x_wconf 89' lang='lat' dir='ltr'>templo</span> <span class='ocrx_word' id='word_1_353' title='bbox 1346 2377 1551 2405; x_wconf 86' lang='lat' dir='ltr'>annexum.</span> <span class='ocrx_word' id='word_1_354' title='bbox 1572 2364 1718 2405; x_wconf 78' lang='lat' dir='ltr'>Eodem</span> 
     </span>
     <span class='ocr_line' id='line_1_43' title="bbox 457 2417 1724 2480; baseline 0.006 -24"><span class='ocrx_word' id='word_1_355' title='bbox 457 2417 496 2457; x_wconf 81' lang='lat' dir='ltr'>in</span> <span class='ocrx_word' id='word_1_356' title='bbox 512 2417 603 2459; x_wconf 84' lang='lat' dir='ltr'>loco</span> <span class='ocrx_word' id='word_1_357' title='bbox 622 2420 847 2461; x_wconf 84' lang='lat' dir='ltr'>Herodotus</span> <span class='ocrx_word' id='word_1_358' title='bbox 861 2422 952 2464; x_wconf 87' lang='lat' dir='ltr'>olim</span> <span class='ocrx_word' id='word_1_359' title='bbox 965 2421 1048 2467; x_wconf 82' lang='lat' dir='ltr'>suas</span> <span class='ocrx_word' id='word_1_360' title='bbox 1060 2422 1236 2463; x_wconf 88' lang='lat' dir='ltr'>recitavit</span> <span class='ocrx_word' id='word_1_361' title='bbox 1253 2420 1428 2462; x_wconf 81' lang='lat' dir='ltr'>historias</span> <span class='ocrx_word' id='word_1_362' title='bbox 1437 2448 1450 2468; x_wconf 89' lang='lat'>‚</span> <span class='ocrx_word' id='word_1_363' title='bbox 1464 2431 1509 2463; x_wconf 79' lang='lat' dir='ltr'>ut</span> <span class='ocrx_word' id='word_1_364' title='bbox 1521 2417 1653 2480; x_wconf 63' lang='grc' dir='ltr'>8αᾶοζ</span> <span class='ocrx_word' id='word_1_365' title='bbox 1666 2417 1724 2464; x_wconf 70' lang='lat' dir='ltr'>est</span> 
     </span>
    </p>
   </div>
   <div class='ocr_carea' id='block_1_3' title="bbox 1784 0 1835 2244">
    <p class='ocr_par' dir='ltr' id='par_1_13' title="bbox 1784 0 1835 2244">
     <span class='ocr_line' id='line_1_44' title="bbox 1784 0 1835 2244; baseline 0 0"><span class='ocrx_word' id='word_1_366' title='bbox 1784 0 1835 2244; x_wconf 95' lang='lat' dir='ltr'> </span> 
     </span>
    </p>
   </div>
  </div>
 </body>
</html>
