<?xml version="1.0" encoding="UTF-8"?>
<!DOCTYPE html PUBLIC "-//W3C//DTD XHTML 1.0 Transitional//EN"
    "http://www.w3.org/TR/xhtml1/DTD/xhtml1-transitional.dtd">
<html xmlns="http://www.w3.org/1999/xhtml" xml:lang="en" lang="en">
 <head>
  <title>
</title>
<meta http-equiv="Content-Type" content="text/html;charset=utf-8" />
  <meta name='ocr-system' content='tesseract 3.04.00' />
  <meta name='ocr-capabilities' content='ocr_page ocr_carea ocr_par ocr_line ocrx_word'/>
</head>
<body>
  <div class='ocr_page' id='page_1' title='image "./operagraeceetlat08luciuoft/operagraeceetlat08luciuoft_0562.png"; bbox 0 0 1835 3408; ppageno 0'>
   <div class='ocr_carea' id='block_1_1' title="bbox 451 105 1532 171">
    <p class='ocr_par' dir='ltr' id='par_1_1' title="bbox 451 105 1532 171">
     <span class='ocr_line' id='line_1_1' title="bbox 451 105 1532 171; baseline 0.003 -19"><span class='ocrx_word' id='word_1_1' title='bbox 451 123 543 171; x_wconf 78' lang='lat'>554</span> <span class='ocrx_word' id='word_1_2' title='bbox 651 105 1532 155; x_wconf 85' lang='lat' dir='ltr'><strong>ANNOTATIONES</strong></span> 
     </span>
    </p>
   </div>
   <div class='ocr_carea' id='block_1_2' title="bbox 447 193 1737 2468">
    <p class='ocr_par' dir='ltr' id='par_1_2' title="bbox 447 193 1728 678">
     <span class='ocr_line' id='line_1_2' title="bbox 447 193 1723 248; baseline -0.002 -15"><span class='ocrx_word' id='word_1_3' title='bbox 447 194 656 233; x_wconf 88' lang='lat' dir='ltr'>Lucianus.</span> <span class='ocrx_word' id='word_1_4' title='bbox 672 193 835 248; x_wconf 84' lang='lat' dir='ltr'>Quippe</span> <span class='ocrx_word' id='word_1_5' title='bbox 854 194 1107 246; x_wconf 74' lang='lat' dir='ltr'>legislatorem</span> <span class='ocrx_word' id='word_1_6' title='bbox 1134 194 1236 234; x_wconf 85' lang='lat' dir='ltr'>hunc</span> <span class='ocrx_word' id='word_1_7' title='bbox 1258 194 1376 233; x_wconf 84' lang='lat' dir='ltr'>alium</span> <span class='ocrx_word' id='word_1_8' title='bbox 1396 193 1471 234; x_wconf 85' lang='lat' dir='ltr'>effe</span> <span class='ocrx_word' id='word_1_9' title='bbox 1493 194 1578 234; x_wconf 92' lang='lat' dir='ltr'>vult</span> <span class='ocrx_word' id='word_1_10' title='bbox 1595 196 1644 235; x_wconf 90' lang='lat' dir='ltr'>ab</span> <span class='ocrx_word' id='word_1_11' title='bbox 1659 196 1723 237; x_wconf 77' lang='grc' dir='ltr'>ἀν.</span> 
     </span>
     <span class='ocr_line' id='line_1_3' title="bbox 448 248 1723 300; baseline 0.002 -14"><span class='ocrx_word' id='word_1_12' title='bbox 448 253 772 297; x_wconf 67' lang='grc' dir='ltr'><em>εσκολοστιο-μένου</em></span> <span class='ocrx_word' id='word_1_13' title='bbox 789 248 935 299; x_wconf 54' lang='grc' dir='ltr'>ἀνδρὸς,</span> <span class='ocrx_word' id='word_1_14' title='bbox 959 249 1065 300; x_wconf 91' lang='lat' dir='ltr'>quod</span> <span class='ocrx_word' id='word_1_15' title='bbox 1090 248 1235 287; x_wconf 88' lang='lat' dir='ltr'>sanein</span> <span class='ocrx_word' id='word_1_16' title='bbox 1260 249 1388 300; x_wconf 90' lang='lat' dir='ltr'>primis</span> <span class='ocrx_word' id='word_1_17' title='bbox 1403 248 1723 290; x_wconf 75' lang='lat' dir='ltr'>considerandum</span> 
     </span>
     <span class='ocr_line' id='line_1_4' title="bbox 448 300 1725 354; baseline 0.004 -16"><span class='ocrx_word' id='word_1_18' title='bbox 448 303 615 340; x_wconf 65' lang='lat' dir='ltr'>videtur.</span> <span class='ocrx_word' id='word_1_19' title='bbox 639 301 811 341; x_wconf 82' lang='lat' dir='ltr'>Paullum</span> <span class='ocrx_word' id='word_1_20' title='bbox 835 300 1068 353; x_wconf 88' lang='lat' dir='ltr'>Apostolum</span> <span class='ocrx_word' id='word_1_21' title='bbox 1093 301 1277 354; x_wconf 81' lang='lat' dir='ltr'>designari</span> <span class='ocrx_word' id='word_1_22' title='bbox 1292 302 1490 349; x_wconf 82' lang='lat' dir='ltr'>existimo,</span> <span class='ocrx_word' id='word_1_23' title='bbox 1506 305 1725 344; x_wconf 85' lang='lat' dir='ltr'>rationibus</span> 
     </span>
     <span class='ocr_line' id='line_1_5' title="bbox 450 355 1724 408; baseline 0.003 -15"><span class='ocrx_word' id='word_1_24' title='bbox 450 356 497 394; x_wconf 86' lang='lat' dir='ltr'>iis</span> <span class='ocrx_word' id='word_1_25' title='bbox 519 355 723 403; x_wconf 60' lang='lat' dir='ltr'>adductus,</span> <span class='ocrx_word' id='word_1_26' title='bbox 746 369 847 408; x_wconf 88' lang='lat' dir='ltr'>quae</span> <span class='ocrx_word' id='word_1_27' title='bbox 873 356 1062 395; x_wconf 87' lang='lat' dir='ltr'>neminem</span> <span class='ocrx_word' id='word_1_28' title='bbox 1085 356 1231 401; x_wconf 88' lang='lat' dir='ltr'>latent,</span> <span class='ocrx_word' id='word_1_29' title='bbox 1253 356 1322 396; x_wconf 84' lang='lat' dir='ltr'>hac</span> <span class='ocrx_word' id='word_1_30' title='bbox 1343 357 1456 395; x_wconf 87' lang='lat' dir='ltr'>etiam</span> <span class='ocrx_word' id='word_1_31' title='bbox 1483 370 1562 396; x_wconf 89' lang='lat' dir='ltr'>non</span> <span class='ocrx_word' id='word_1_32' title='bbox 1587 358 1724 397; x_wconf 85' lang='lat' dir='ltr'>leviter</span> 
     </span>
     <span class='ocr_line' id='line_1_6' title="bbox 451 407 1724 464; baseline 0.002 -16"><span class='ocrx_word' id='word_1_33' title='bbox 451 420 699 457; x_wconf 85' lang='lat' dir='ltr'>commotus,</span> <span class='ocrx_word' id='word_1_34' title='bbox 717 411 825 461; x_wconf 90' lang='lat' dir='ltr'>quod</span> <span class='ocrx_word' id='word_1_35' title='bbox 850 411 966 448; x_wconf 85' lang='lat' dir='ltr'>toties</span> <span class='ocrx_word' id='word_1_36' title='bbox 985 410 1088 461; x_wconf 88' lang='lat' dir='ltr'>apud</span> <span class='ocrx_word' id='word_1_37' title='bbox 1107 409 1282 448; x_wconf 84' lang='lat' dir='ltr'>Paullum</span> <span class='ocrx_word' id='word_1_38' title='bbox 1303 409 1466 449; x_wconf 85' lang='lat' dir='ltr'>fratrum</span> <span class='ocrx_word' id='word_1_39' title='bbox 1491 407 1724 464; x_wconf 79' lang='lat' dir='ltr'>appellatio,</span> 
     </span>
     <span class='ocr_line' id='line_1_7' title="bbox 451 463 1727 517; baseline 0.003 -16"><span class='ocrx_word' id='word_1_40' title='bbox 451 476 529 513; x_wconf 83' lang='lat' dir='ltr'>qua</span> <span class='ocrx_word' id='word_1_41' title='bbox 551 464 596 501; x_wconf 92' lang='lat' dir='ltr'>de</span> <span class='ocrx_word' id='word_1_42' title='bbox 620 463 679 502; x_wconf 91' lang='lat' dir='ltr'>hic</span> <span class='ocrx_word' id='word_1_43' title='bbox 702 465 827 515; x_wconf 83' lang='lat' dir='ltr'>agitur</span> <span class='ocrx_word' id='word_1_44' title='bbox 842 493 854 511; x_wconf 91' lang='lat'>,</span> <span class='ocrx_word' id='word_1_45' title='bbox 885 465 1066 502; x_wconf 88' lang='lat' dir='ltr'>occurrit.</span> <span class='ocrx_word' id='word_1_46' title='bbox 1097 463 1215 503; x_wconf 91' lang='lat' dir='ltr'>Aliud</span> <span class='ocrx_word' id='word_1_47' title='bbox 1239 463 1266 507; x_wconf 81' lang='lat' dir='ltr'>fi</span> <span class='ocrx_word' id='word_1_48' title='bbox 1295 464 1479 517; x_wconf 79' lang='lat' dir='ltr'>intelligat</span> <span class='ocrx_word' id='word_1_49' title='bbox 1505 466 1727 512; x_wconf 87' lang='lat' dir='ltr'>Lucianus,</span> 
     </span>
     <span class='ocr_line' id='line_1_8' title="bbox 450 516 1726 570; baseline 0.003 -15"><span class='ocrx_word' id='word_1_50' title='bbox 450 516 607 556; x_wconf 74' lang='lat' dir='ltr'>fortasse</span> <span class='ocrx_word' id='word_1_51' title='bbox 635 517 799 556; x_wconf 72' lang='lat' dir='ltr'>alluserit</span> <span class='ocrx_word' id='word_1_52' title='bbox 829 517 876 556; x_wconf 88' lang='lat' dir='ltr'>ad</span> <span class='ocrx_word' id='word_1_53' title='bbox 897 517 1054 570; x_wconf 79' lang='lat' dir='ltr'>aliquod</span> <span class='ocrx_word' id='word_1_54' title='bbox 1081 516 1228 557; x_wconf 85' lang='lat' dir='ltr'>Pseudo</span> <span class='ocrx_word' id='word_1_55' title='bbox 1243 541 1258 547; x_wconf 96' lang='lat'>-</span> <span class='ocrx_word' id='word_1_56' title='bbox 1273 517 1529 570; x_wconf 86' lang='lat' dir='ltr'>Evangelium</span> <span class='ocrx_word' id='word_1_57' title='bbox 1545 549 1557 566; x_wconf 93' lang='lat'>‚</span> <span class='ocrx_word' id='word_1_58' title='bbox 1579 531 1629 558; x_wconf 82' lang='lat' dir='ltr'>ex</span> <span class='ocrx_word' id='word_1_59' title='bbox 1655 532 1726 559; x_wconf 87' lang='lat' dir='ltr'>eo·</span> 
     </span>
     <span class='ocr_line' id='line_1_9' title="bbox 452 572 1728 623; baseline 0.002 -13"><span class='ocrx_word' id='word_1_60' title='bbox 452 584 539 610; x_wconf 83' lang='lat' dir='ltr'>rum</span> <span class='ocrx_word' id='word_1_61' title='bbox 563 584 751 618; x_wconf 87' lang='lat' dir='ltr'>numero,</span> <span class='ocrx_word' id='word_1_62' title='bbox 777 584 946 623; x_wconf 88' lang='lat' dir='ltr'>quorum</span> <span class='ocrx_word' id='word_1_63' title='bbox 971 572 1156 617; x_wconf 86' lang='lat' dir='ltr'>nomina,</span> <span class='ocrx_word' id='word_1_64' title='bbox 1183 573 1225 611; x_wconf 89' lang='lat'>&amp;</span> <span class='ocrx_word' id='word_1_65' title='bbox 1249 572 1457 623; x_wconf 87' lang='lat' dir='ltr'>aliquando</span> <span class='ocrx_word' id='word_1_66' title='bbox 1483 572 1728 623; x_wconf 81' lang='lat' dir='ltr'>testimonia,</span> 
     </span>
     <span class='ocr_line' id='line_1_10' title="bbox 452 625 1448 678; baseline 0 -14"><span class='ocrx_word' id='word_1_67' title='bbox 452 625 613 664; x_wconf 87' lang='lat' dir='ltr'>memini</span> <span class='ocrx_word' id='word_1_68' title='bbox 639 638 700 664; x_wconf 90' lang='lat' dir='ltr'>me</span> <span class='ocrx_word' id='word_1_69' title='bbox 722 627 825 677; x_wconf 86' lang='lat' dir='ltr'>apud</span> <span class='ocrx_word' id='word_1_70' title='bbox 849 625 1100 676; x_wconf 86' lang='lat' dir='ltr'>Epiphanium</span> <span class='ocrx_word' id='word_1_71' title='bbox 1124 625 1262 678; x_wconf 86' lang='lat' dir='ltr'>legere.</span> <span class='ocrx_word' id='word_1_72' title='bbox 1292 625 1321 664; x_wconf 91' lang='lat' dir='ltr'>F</span> <span class='ocrx_word' id='word_1_73' title='bbox 1326 636 1448 664; x_wconf 76' lang='lat' dir='ltr'><strong>ABER.</strong></span> 
     </span>
    </p>

    <p class='ocr_par' dir='ltr' id='par_1_3' title="bbox 453 678 1730 935">
     <span class='ocr_line' id='line_1_11' title="bbox 508 678 1727 730; baseline 0.003 -14"><span class='ocrx_word' id='word_1_74' title='bbox 508 682 581 718; x_wconf 68' lang='lat' dir='ltr'>ead.</span> <span class='ocrx_word' id='word_1_75' title='bbox 601 680 624 718; x_wconf 92' lang='lat' dir='ltr'>l.</span> <span class='ocrx_word' id='word_1_76' title='bbox 643 693 656 717; x_wconf 88' lang='lat'>1</span> <span class='ocrx_word' id='word_1_77' title='bbox 671 692 701 730; x_wconf 82' lang='lat'>5.</span> <span class='ocrx_word' id='word_1_78' title='bbox 720 678 990 730; x_wconf 70' lang='grc' dir='ltr'>Παραβέιντες)</span> <span class='ocrx_word' id='word_1_79' title='bbox 1014 679 1125 730; x_wconf 86' lang='lat' dir='ltr'>Quid</span> <span class='ocrx_word' id='word_1_80' title='bbox 1148 679 1263 719; x_wconf 81' lang='lat' dir='ltr'>facias</span> <span class='ocrx_word' id='word_1_81' title='bbox 1284 679 1431 718; x_wconf 85' lang='lat' dir='ltr'>homini</span> <span class='ocrx_word' id='word_1_82' title='bbox 1450 678 1518 719; x_wconf 68' lang='lat' dir='ltr'>sihi</span> <span class='ocrx_word' id='word_1_83' title='bbox 1543 690 1621 719; x_wconf 89' lang='lat' dir='ltr'>tam</span> <span class='ocrx_word' id='word_1_84' title='bbox 1648 690 1727 720; x_wconf 90' lang='lat' dir='ltr'>tur-</span> 
     </span>
     <span class='ocr_line' id='line_1_12' title="bbox 454 732 1730 785; baseline 0.003 -15"><span class='ocrx_word' id='word_1_85' title='bbox 454 732 556 785; x_wconf 87' lang='lat' dir='ltr'>piter</span> <span class='ocrx_word' id='word_1_86' title='bbox 578 732 832 784; x_wconf 78' lang='lat' dir='ltr'>obloquenti?</span> <span class='ocrx_word' id='word_1_87' title='bbox 854 733 910 772; x_wconf 86' lang='lat' dir='ltr'>En</span> <span class='ocrx_word' id='word_1_88' title='bbox 925 734 995 772; x_wconf 85' lang='lat' dir='ltr'>tibi</span> <span class='ocrx_word' id='word_1_89' title='bbox 1016 734 1226 773; x_wconf 79' lang='lat' dir='ltr'>Lucianum</span> <span class='ocrx_word' id='word_1_90' title='bbox 1243 732 1465 779; x_wconf 89' lang='lat' dir='ltr'>illum,tam</span> <span class='ocrx_word' id='word_1_91' title='bbox 1481 746 1606 774; x_wconf 80' lang='lat' dir='ltr'>acrem</span> <span class='ocrx_word' id='word_1_92' title='bbox 1622 733 1730 774; x_wconf 84' lang='lat' dir='ltr'>Deo·</span> 
     </span>
     <span class='ocr_line' id='line_1_13' title="bbox 455 786 1730 839; baseline 0.002 -14"><span class='ocrx_word' id='word_1_93' title='bbox 455 799 544 825; x_wconf 86' lang='lat' dir='ltr'>rum</span> <span class='ocrx_word' id='word_1_94' title='bbox 573 786 728 825; x_wconf 89' lang='lat' dir='ltr'>suorum</span> <span class='ocrx_word' id='word_1_95' title='bbox 755 788 795 825; x_wconf 91' lang='lat' dir='ltr'>in</span> <span class='ocrx_word' id='word_1_96' title='bbox 818 787 996 826; x_wconf 86' lang='lat' dir='ltr'>omnibus</span> <span class='ocrx_word' id='word_1_97' title='bbox 1013 787 1208 839; x_wconf 84' lang='lat' dir='ltr'>opusculis</span> <span class='ocrx_word' id='word_1_98' title='bbox 1223 786 1485 827; x_wconf 62' lang='lat' dir='ltr'>inseetatorem</span> <span class='ocrx_word' id='word_1_99' title='bbox 1500 817 1513 833; x_wconf 88' lang='lat'><strong>,</strong></span> <span class='ocrx_word' id='word_1_100' title='bbox 1535 800 1642 827; x_wconf 88' lang='lat' dir='ltr'>nunc</span> <span class='ocrx_word' id='word_1_101' title='bbox 1658 786 1730 828; x_wconf 90' lang='lat' dir='ltr'>sub</span> 
     </span>
     <span class='ocr_line' id='line_1_14' title="bbox 453 838 1728 893; baseline 0.003 -15"><span class='ocrx_word' id='word_1_102' title='bbox 453 838 582 879; x_wconf 87' lang='lat' dir='ltr'>nescio</span> <span class='ocrx_word' id='word_1_103' title='bbox 603 841 714 880; x_wconf 91' lang='lat' dir='ltr'>cuius</span> <span class='ocrx_word' id='word_1_104' title='bbox 735 840 898 893; x_wconf 86' lang='lat' dir='ltr'>persona</span> <span class='ocrx_word' id='word_1_105' title='bbox 913 840 1150 881; x_wconf 89' lang='lat' dir='ltr'>Christianos</span> <span class='ocrx_word' id='word_1_106' title='bbox 1170 841 1210 880; x_wconf 86' lang='lat' dir='ltr'>in</span> <span class='ocrx_word' id='word_1_107' title='bbox 1224 841 1409 881; x_wconf 89' lang='lat' dir='ltr'>invidiam</span> <span class='ocrx_word' id='word_1_108' title='bbox 1424 839 1611 882; x_wconf 85' lang='lat' dir='ltr'>summam</span> <span class='ocrx_word' id='word_1_109' title='bbox 1627 841 1728 882; x_wconf 88' lang='lat' dir='ltr'>idem</span> 
     </span>
     <span class='ocr_line' id='line_1_15' title="bbox 454 893 1136 935; baseline 0.003 -2"><span class='ocrx_word' id='word_1_110' title='bbox 454 894 508 933; x_wconf 87' lang='lat' dir='ltr'>ob</span> <span class='ocrx_word' id='word_1_111' title='bbox 530 893 671 935; x_wconf 71' lang='lat' dir='ltr'>fanum</span> <span class='ocrx_word' id='word_1_112' title='bbox 693 895 953 935; x_wconf 82' lang='lat' dir='ltr'>adducentem.</span> <span class='ocrx_word' id='word_1_113' title='bbox 976 895 1136 935; x_wconf 74' lang='lat' dir='ltr'><strong>SOLAN.</strong></span> 
     </span>
    </p>

    <p class='ocr_par' dir='ltr' id='par_1_4' title="bbox 455 948 1737 2030">
     <span class='ocr_line' id='line_1_16' title="bbox 511 948 1730 1002; baseline 0.003 -16"><span class='ocrx_word' id='word_1_114' title='bbox 511 951 587 987; x_wconf 84' lang='lat' dir='ltr'>ead.</span> <span class='ocrx_word' id='word_1_115' title='bbox 606 950 628 987; x_wconf 91' lang='lat' dir='ltr'>l.</span> <span class='ocrx_word' id='word_1_116' title='bbox 647 950 706 988; x_wconf 89' lang='lat'>16.</span> <span class='ocrx_word' id='word_1_117' title='bbox 727 948 968 989; x_wconf 70' lang='grc' dir='ltr'>Ἀνεσ-κολοπ.</span> <span class='ocrx_word' id='word_1_118' title='bbox 982 971 1027 979; x_wconf 92' lang='grc'>-</span> <span class='ocrx_word' id='word_1_119' title='bbox 1043 948 1238 1002; x_wconf 72' lang='grc' dir='ltr'>σοφιστὴν)</span> <span class='ocrx_word' id='word_1_120' title='bbox 1254 948 1416 1002; x_wconf 86' lang='lat' dir='ltr'>Duplex</span> <span class='ocrx_word' id='word_1_121' title='bbox 1433 948 1489 989; x_wconf 86' lang='lat' dir='ltr'>his</span> <span class='ocrx_word' id='word_1_122' title='bbox 1510 949 1640 990; x_wconf 87' lang='lat' dir='ltr'>verbis</span> <span class='ocrx_word' id='word_1_123' title='bbox 1653 951 1730 990; x_wconf 87' lang='lat' dir='ltr'>cri-</span> 
     </span>
     <span class='ocr_line' id='line_1_17' title="bbox 460 1002 1735 1058; baseline 0.003 -18"><span class='ocrx_word' id='word_1_124' title='bbox 460 1014 550 1040; x_wconf 86' lang='lat' dir='ltr'>men</span> <span class='ocrx_word' id='word_1_125' title='bbox 566 1002 809 1051; x_wconf 85' lang='lat' dir='ltr'>continetur,</span> <span class='ocrx_word' id='word_1_126' title='bbox 827 1005 933 1056; x_wconf 91' lang='lat' dir='ltr'>quod</span> <span class='ocrx_word' id='word_1_127' title='bbox 950 1004 1109 1058; x_wconf 80' lang='lat' dir='ltr'>Sophista</span> <span class='ocrx_word' id='word_1_128' title='bbox 1122 1034 1133 1050; x_wconf 87' lang='lat'>‚</span> <span class='ocrx_word' id='word_1_129' title='bbox 1156 1003 1264 1055; x_wconf 88' lang='lat' dir='ltr'>quod</span> <span class='ocrx_word' id='word_1_130' title='bbox 1285 1017 1326 1042; x_wconf 81' lang='lat' dir='ltr'>ut</span> <span class='ocrx_word' id='word_1_131' title='bbox 1344 1003 1518 1053; x_wconf 81' lang='lat' dir='ltr'>maleficus</span> <span class='ocrx_word' id='word_1_132' title='bbox 1530 1005 1735 1056; x_wconf 73' lang='lat' dir='ltr'>crucifixus.</span> 
     </span>
     <span class='ocr_line' id='line_1_18' title="bbox 458 1057 1732 1110; baseline 0.003 -16"><span class='ocrx_word' id='word_1_133' title='bbox 458 1057 522 1095; x_wconf 90' lang='lat' dir='ltr'>Ad</span> <span class='ocrx_word' id='word_1_134' title='bbox 543 1057 648 1107; x_wconf 88' lang='lat' dir='ltr'>prius</span> <span class='ocrx_word' id='word_1_135' title='bbox 663 1058 768 1109; x_wconf 88' lang='lat' dir='ltr'>quod</span> <span class='ocrx_word' id='word_1_136' title='bbox 794 1058 947 1105; x_wconf 81' lang='lat' dir='ltr'>attinet3</span> <span class='ocrx_word' id='word_1_137' title='bbox 975 1069 1061 1098; x_wconf 92' lang='lat' dir='ltr'>toto</span> <span class='ocrx_word' id='word_1_138' title='bbox 1083 1058 1222 1105; x_wconf 88' lang='lat' dir='ltr'>coelo,</span> <span class='ocrx_word' id='word_1_139' title='bbox 1241 1058 1348 1110; x_wconf 91' lang='lat' dir='ltr'>quod</span> <span class='ocrx_word' id='word_1_140' title='bbox 1370 1059 1500 1106; x_wconf 88' lang='lat' dir='ltr'>aiunt,</span> <span class='ocrx_word' id='word_1_141' title='bbox 1522 1069 1623 1097; x_wconf 84' lang='lat' dir='ltr'>errat</span> <span class='ocrx_word' id='word_1_142' title='bbox 1642 1070 1732 1098; x_wconf 89' lang='lat' dir='ltr'>ora-</span> 
     </span>
     <span class='ocr_line' id='line_1_19' title="bbox 455 1110 1732 1166; baseline 0.001 -18"><span class='ocrx_word' id='word_1_143' title='bbox 455 1121 520 1148; x_wconf 85' lang='lat' dir='ltr'>tor</span> <span class='ocrx_word' id='word_1_144' title='bbox 543 1110 608 1150; x_wconf 80' lang='lat' dir='ltr'>iste</span> <span class='ocrx_word' id='word_1_145' title='bbox 623 1142 634 1158; x_wconf 87' lang='lat'><em>‚</em></span> <span class='ocrx_word' id='word_1_146' title='bbox 658 1111 724 1163; x_wconf 59' lang='lat' dir='ltr'>qni</span> <span class='ocrx_word' id='word_1_147' title='bbox 749 1114 925 1166; x_wconf 79' lang='lat' dir='ltr'>Sophistae</span> <span class='ocrx_word' id='word_1_148' title='bbox 946 1112 1099 1152; x_wconf 84' lang='lat' dir='ltr'>titulum</span> <span class='ocrx_word' id='word_1_149' title='bbox 1126 1110 1282 1152; x_wconf 88' lang='lat' dir='ltr'>Christo</span> <span class='ocrx_word' id='word_1_150' title='bbox 1305 1111 1483 1165; x_wconf 86' lang='lat' dir='ltr'>affingat,</span> <span class='ocrx_word' id='word_1_151' title='bbox 1505 1111 1554 1151; x_wconf 90' lang='lat' dir='ltr'>ab</span> <span class='ocrx_word' id='word_1_152' title='bbox 1576 1112 1619 1152; x_wconf 89' lang='lat' dir='ltr'>iis</span> <span class='ocrx_word' id='word_1_153' title='bbox 1643 1113 1732 1152; x_wconf 87' lang='lat' dir='ltr'>arti.</span> 
     </span>
     <span class='ocr_line' id='line_1_20' title="bbox 458 1164 1731 1220; baseline 0.002 -17"><span class='ocrx_word' id='word_1_154' title='bbox 458 1164 533 1204; x_wconf 87' lang='lat' dir='ltr'>bus</span> <span class='ocrx_word' id='word_1_155' title='bbox 553 1165 799 1214; x_wconf 80' lang='lat' dir='ltr'>alieniffimo‚</span> <span class='ocrx_word' id='word_1_156' title='bbox 823 1167 966 1220; x_wconf 85' lang='lat' dir='ltr'>quibus</span> <span class='ocrx_word' id='word_1_157' title='bbox 991 1165 1256 1220; x_wconf 85' lang='lat' dir='ltr'>Sophistarum</span> <span class='ocrx_word' id='word_1_158' title='bbox 1281 1167 1387 1206; x_wconf 89' lang='lat' dir='ltr'>natio</span> <span class='ocrx_word' id='word_1_159' title='bbox 1409 1165 1632 1206; x_wconf 88' lang='lat' dir='ltr'>hominibus</span> <span class='ocrx_word' id='word_1_160' title='bbox 1657 1167 1731 1206; x_wconf 89' lang='lat' dir='ltr'>im-</span> 
     </span>
     <span class='ocr_line' id='line_1_21' title="bbox 458 1220 1732 1274; baseline 0.003 -17"><span class='ocrx_word' id='word_1_161' title='bbox 458 1220 594 1271; x_wconf 87' lang='lat' dir='ltr'>ponit:</span> <span class='ocrx_word' id='word_1_162' title='bbox 614 1233 686 1259; x_wconf 89' lang='lat' dir='ltr'>nec</span> <span class='ocrx_word' id='word_1_163' title='bbox 702 1221 862 1269; x_wconf 62' lang='lat' dir='ltr'>doetus,</span> <span class='ocrx_word' id='word_1_164' title='bbox 887 1234 957 1261; x_wconf 90' lang='lat' dir='ltr'>nec</span> <span class='ocrx_word' id='word_1_165' title='bbox 981 1221 1151 1260; x_wconf 88' lang='lat' dir='ltr'>eruditus</span> <span class='ocrx_word' id='word_1_166' title='bbox 1166 1251 1178 1269; x_wconf 86' lang='lat'>‚</span> <span class='ocrx_word' id='word_1_167' title='bbox 1203 1221 1424 1260; x_wconf 83' lang='lat' dir='ltr'>humanave</span> <span class='ocrx_word' id='word_1_168' title='bbox 1448 1220 1627 1260; x_wconf 87' lang='lat' dir='ltr'>facundia</span> <span class='ocrx_word' id='word_1_169' title='bbox 1650 1220 1732 1274; x_wconf 87' lang='lat' dir='ltr'>spe-</span> 
     </span>
     <span class='ocr_line' id='line_1_22' title="bbox 459 1273 1733 1323; baseline 0.002 -11"><span class='ocrx_word' id='word_1_170' title='bbox 459 1273 620 1313; x_wconf 67' lang='lat' dir='ltr'>&amp;andus</span> <span class='ocrx_word' id='word_1_171' title='bbox 635 1275 760 1315; x_wconf 82' lang='lat' dir='ltr'>noster</span> <span class='ocrx_word' id='word_1_172' title='bbox 775 1275 878 1316; x_wconf 86' lang='lat' dir='ltr'>Iesus</span> <span class='ocrx_word' id='word_1_173' title='bbox 893 1274 980 1323; x_wconf 88' lang='lat' dir='ltr'>fuit,</span> <span class='ocrx_word' id='word_1_174' title='bbox 994 1286 1036 1314; x_wconf 87' lang='lat' dir='ltr'>ut</span> <span class='ocrx_word' id='word_1_175' title='bbox 1051 1276 1091 1313; x_wconf 90' lang='lat' dir='ltr'>in</span> <span class='ocrx_word' id='word_1_176' title='bbox 1103 1275 1285 1314; x_wconf 86' lang='lat' dir='ltr'>invidiam</span> <span class='ocrx_word' id='word_1_177' title='bbox 1299 1275 1370 1314; x_wconf 89' lang='lat' dir='ltr'>hac</span> <span class='ocrx_word' id='word_1_178' title='bbox 1383 1275 1429 1314; x_wconf 92' lang='lat' dir='ltr'>de</span> <span class='ocrx_word' id='word_1_179' title='bbox 1443 1273 1558 1314; x_wconf 86' lang='lat' dir='ltr'>causa</span> <span class='ocrx_word' id='word_1_180' title='bbox 1571 1274 1733 1315; x_wconf 88' lang='lat' dir='ltr'>adduca-</span> 
     </span>
     <span class='ocr_line' id='line_1_23' title="bbox 460 1328 1731 1382; baseline 0.002 -16"><span class='ocrx_word' id='word_1_181' title='bbox 460 1339 537 1367; x_wconf 88' lang='lat' dir='ltr'>tur.</span> <span class='ocrx_word' id='word_1_182' title='bbox 553 1329 607 1367; x_wconf 85' lang='lat' dir='ltr'>At</span> <span class='ocrx_word' id='word_1_183' title='bbox 624 1328 662 1366; x_wconf 87' lang='lat' dir='ltr'>id</span> <span class='ocrx_word' id='word_1_184' title='bbox 685 1342 773 1368; x_wconf 89' lang='lat' dir='ltr'>cum</span> <span class='ocrx_word' id='word_1_185' title='bbox 796 1331 1018 1382; x_wconf 84' lang='lat' dir='ltr'>ignorarent</span> <span class='ocrx_word' id='word_1_186' title='bbox 1042 1329 1120 1377; x_wconf 86' lang='lat' dir='ltr'>isti,</span> <span class='ocrx_word' id='word_1_187' title='bbox 1140 1328 1329 1382; x_wconf 77' lang='lat' dir='ltr'>simulque</span> <span class='ocrx_word' id='word_1_188' title='bbox 1350 1328 1572 1368; x_wconf 88' lang='lat' dir='ltr'>Christianis</span> <span class='ocrx_word' id='word_1_189' title='bbox 1594 1328 1731 1369; x_wconf 87' lang='lat' dir='ltr'>orbem</span> 
     </span>
     <span class='ocr_line' id='line_1_24' title="bbox 460 1382 1734 1437; baseline 0.002 -16"><span class='ocrx_word' id='word_1_190' title='bbox 460 1382 538 1421; x_wconf 85' lang='lat' dir='ltr'>iam</span> <span class='ocrx_word' id='word_1_191' title='bbox 565 1382 718 1433; x_wconf 86' lang='lat' dir='ltr'>plenum</span> <span class='ocrx_word' id='word_1_192' title='bbox 742 1383 1030 1437; x_wconf 87' lang='lat' dir='ltr'>conspicerent,</span> <span class='ocrx_word' id='word_1_193' title='bbox 1060 1395 1130 1423; x_wconf 89' lang='lat' dir='ltr'>nec</span> <span class='ocrx_word' id='word_1_194' title='bbox 1154 1395 1232 1435; x_wconf 88' lang='lat' dir='ltr'>qua</span> <span class='ocrx_word' id='word_1_195' title='bbox 1254 1384 1404 1423; x_wconf 87' lang='lat' dir='ltr'>ratione</span> <span class='ocrx_word' id='word_1_196' title='bbox 1424 1392 1484 1422; x_wconf 93' lang='lat' dir='ltr'>tot</span> <span class='ocrx_word' id='word_1_197' title='bbox 1508 1383 1734 1423; x_wconf 85' lang='lat' dir='ltr'>hominibus</span> 
     </span>
     <span class='ocr_line' id='line_1_25' title="bbox 461 1436 1734 1489; baseline 0.001 -13"><span class='ocrx_word' id='word_1_198' title='bbox 461 1436 679 1489; x_wconf 79' lang='lat' dir='ltr'>persuaderi</span> <span class='ocrx_word' id='word_1_199' title='bbox 693 1437 863 1477; x_wconf 66' lang='lat' dir='ltr'>doclrina</span> <span class='ocrx_word' id='word_1_200' title='bbox 876 1467 888 1486; x_wconf 90' lang='lat'>‚</span> <span class='ocrx_word' id='word_1_201' title='bbox 904 1451 925 1476; x_wconf 88' lang='lat' dir='ltr'>a</span> <span class='ocrx_word' id='word_1_202' title='bbox 940 1447 1093 1488; x_wconf 86' lang='lat' dir='ltr'>recepta</span> <span class='ocrx_word' id='word_1_203' title='bbox 1110 1437 1279 1476; x_wconf 87' lang='lat' dir='ltr'>immane</span> <span class='ocrx_word' id='word_1_204' title='bbox 1292 1447 1481 1489; x_wconf 87' lang='lat' dir='ltr'>quantum</span> <span class='ocrx_word' id='word_1_205' title='bbox 1501 1436 1734 1485; x_wconf 88' lang='lat' dir='ltr'>abhorrens,</span> 
     </span>
     <span class='ocr_line' id='line_1_26' title="bbox 460 1490 1733 1544; baseline 0.002 -16"><span class='ocrx_word' id='word_1_206' title='bbox 460 1490 743 1542; x_wconf 85' lang='lat' dir='ltr'>intelligerent,</span> <span class='ocrx_word' id='word_1_207' title='bbox 764 1492 809 1531; x_wconf 82' lang='lat' dir='ltr'>ad</span> <span class='ocrx_word' id='word_1_208' title='bbox 831 1493 892 1538; x_wconf 86' lang='lat' dir='ltr'>id,</span> <span class='ocrx_word' id='word_1_209' title='bbox 915 1491 1021 1544; x_wconf 89' lang='lat' dir='ltr'>quod</span> <span class='ocrx_word' id='word_1_210' title='bbox 1037 1502 1234 1543; x_wconf 88' lang='lat' dir='ltr'>promtum</span> <span class='ocrx_word' id='word_1_211' title='bbox 1258 1503 1364 1538; x_wconf 86' lang='lat' dir='ltr'>erat,</span> <span class='ocrx_word' id='word_1_212' title='bbox 1381 1491 1662 1538; x_wconf 88' lang='lat' dir='ltr'>decucurrere‚</span> <span class='ocrx_word' id='word_1_213' title='bbox 1688 1501 1733 1531; x_wconf 91' lang='lat' dir='ltr'>ut</span> 
     </span>
     <span class='ocr_line' id='line_1_27' title="bbox 462 1545 1737 1600; baseline 0.002 -17"><span class='ocrx_word' id='word_1_214' title='bbox 462 1545 630 1585; x_wconf 82' lang='lat' dir='ltr'>dicerent</span> <span class='ocrx_word' id='word_1_215' title='bbox 643 1545 842 1585; x_wconf 71' lang='lat' dir='ltr'>au&amp;orem</span> <span class='ocrx_word' id='word_1_216' title='bbox 859 1546 960 1585; x_wconf 85' lang='lat' dir='ltr'>illius</span> <span class='ocrx_word' id='word_1_217' title='bbox 972 1546 1167 1585; x_wconf 65' lang='lat' dir='ltr'>doetrinae</span> <span class='ocrx_word' id='word_1_218' title='bbox 1183 1546 1374 1600; x_wconf 69' lang='lat' dir='ltr'>Sophzflam</span> <span class='ocrx_word' id='word_1_219' title='bbox 1387 1546 1557 1598; x_wconf 81' lang='lat' dir='ltr'>insignem.</span> <span class='ocrx_word' id='word_1_220' title='bbox 1573 1545 1737 1598; x_wconf 75' lang='lat' dir='ltr'>Quibus</span> 
     </span>
     <span class='ocr_line' id='line_1_28' title="bbox 462 1598 1732 1651; baseline 0.002 -14"><span class='ocrx_word' id='word_1_221' title='bbox 462 1598 492 1637; x_wconf 82' lang='lat' dir='ltr'><strong>fi</strong></span> <span class='ocrx_word' id='word_1_222' title='bbox 518 1599 650 1638; x_wconf 89' lang='lat' dir='ltr'>notior</span> <span class='ocrx_word' id='word_1_223' title='bbox 673 1601 793 1651; x_wconf 88' lang='lat' dir='ltr'>paulo</span> <span class='ocrx_word' id='word_1_224' title='bbox 818 1599 965 1647; x_wconf 78' lang='lat' dir='ltr'>fuisset,</span> <span class='ocrx_word' id='word_1_225' title='bbox 986 1599 1169 1639; x_wconf 86' lang='lat' dir='ltr'>miracula</span> <span class='ocrx_word' id='word_1_226' title='bbox 1188 1600 1341 1651; x_wconf 86' lang='lat' dir='ltr'>potius,</span> <span class='ocrx_word' id='word_1_227' title='bbox 1363 1600 1504 1651; x_wconf 86' lang='lat' dir='ltr'>quibus</span> <span class='ocrx_word' id='word_1_228' title='bbox 1525 1598 1603 1639; x_wconf 89' lang='lat' dir='ltr'>fere</span> <span class='ocrx_word' id='word_1_229' title='bbox 1624 1599 1732 1640; x_wconf 82' lang='lat' dir='ltr'>suam</span> 
     </span>
     <span class='ocr_line' id='line_1_29' title="bbox 456 1652 1733 1706; baseline 0.001 -14"><span class='ocrx_word' id='word_1_230' title='bbox 456 1652 614 1693; x_wconf 80' lang='lat' dir='ltr'>invexit</span> <span class='ocrx_word' id='word_1_231' title='bbox 637 1654 860 1706; x_wconf 86' lang='lat' dir='ltr'>religionem</span> <span class='ocrx_word' id='word_1_232' title='bbox 878 1683 890 1701; x_wconf 88' lang='lat'><strong>,</strong></span> <span class='ocrx_word' id='word_1_233' title='bbox 919 1654 1108 1705; x_wconf 86' lang='lat' dir='ltr'>carpenda</span> <span class='ocrx_word' id='word_1_234' title='bbox 1130 1652 1303 1693; x_wconf 79' lang='lat' dir='ltr'>fuissent:</span> <span class='ocrx_word' id='word_1_235' title='bbox 1330 1654 1541 1706; x_wconf 87' lang='lat' dir='ltr'>carpendae</span> <span class='ocrx_word' id='word_1_236' title='bbox 1565 1654 1733 1706; x_wconf 88' lang='lat' dir='ltr'>prophe-</span> 
     </span>
     <span class='ocr_line' id='line_1_30' title="bbox 463 1706 1734 1761; baseline 0.002 -15"><span class='ocrx_word' id='word_1_237' title='bbox 463 1709 562 1756; x_wconf 85' lang='lat' dir='ltr'>tiae,</span> <span class='ocrx_word' id='word_1_238' title='bbox 587 1720 755 1759; x_wconf 84' lang='lat' dir='ltr'>quarum</span> <span class='ocrx_word' id='word_1_239' title='bbox 782 1709 1030 1761; x_wconf 88' lang='lat' dir='ltr'>implemento</span> <span class='ocrx_word' id='word_1_240' title='bbox 1050 1707 1087 1746; x_wconf 92' lang='lat' dir='ltr'>se</span> <span class='ocrx_word' id='word_1_241' title='bbox 1109 1706 1282 1746; x_wconf 83' lang='lat' dir='ltr'>Meffiam</span> <span class='ocrx_word' id='word_1_242' title='bbox 1304 1707 1378 1747; x_wconf 86' lang='lat' dir='ltr'>effe</span> <span class='ocrx_word' id='word_1_243' title='bbox 1395 1738 1407 1755; x_wconf 95' lang='lat'>,</span> <span class='ocrx_word' id='word_1_244' title='bbox 1433 1718 1493 1747; x_wconf 90' lang='lat' dir='ltr'>tot</span> <span class='ocrx_word' id='word_1_245' title='bbox 1515 1718 1604 1747; x_wconf 87' lang='lat' dir='ltr'>ante</span> <span class='ocrx_word' id='word_1_246' title='bbox 1625 1707 1734 1748; x_wconf 88' lang='lat' dir='ltr'>secu·</span> 
     </span>
     <span class='ocr_line' id='line_1_31' title="bbox 461 1760 1734 1815; baseline 0 -14"><span class='ocrx_word' id='word_1_247' title='bbox 461 1762 510 1801; x_wconf 85' lang='lat' dir='ltr'>lis</span> <span class='ocrx_word' id='word_1_248' title='bbox 532 1763 703 1802; x_wconf 84' lang='lat' dir='ltr'>humano</span> <span class='ocrx_word' id='word_1_249' title='bbox 723 1764 854 1815; x_wconf 81' lang='lat' dir='ltr'>generi</span> <span class='ocrx_word' id='word_1_250' title='bbox 880 1776 902 1802; x_wconf 86' lang='lat' dir='ltr'>a</span> <span class='ocrx_word' id='word_1_251' title='bbox 930 1762 1020 1801; x_wconf 87' lang='lat' dir='ltr'>Deo</span> <span class='ocrx_word' id='word_1_252' title='bbox 1051 1760 1302 1813; x_wconf 82' lang='lat' dir='ltr'>promissum,</span> <span class='ocrx_word' id='word_1_253' title='bbox 1330 1760 1626 1802; x_wconf 82' lang='lat' dir='ltr'>demonstravit:</span> <span class='ocrx_word' id='word_1_254' title='bbox 1650 1775 1734 1802; x_wconf 91' lang='lat' dir='ltr'>car-</span> 
     </span>
     <span class='ocr_line' id='line_1_32' title="bbox 463 1815 1733 1870; baseline 0.001 -15"><span class='ocrx_word' id='word_1_255' title='bbox 463 1817 587 1869; x_wconf 85' lang='lat' dir='ltr'>penda</span> <span class='ocrx_word' id='word_1_256' title='bbox 607 1829 900 1870; x_wconf 88' lang='lat' dir='ltr'>praeceptorum</span> <span class='ocrx_word' id='word_1_257' title='bbox 928 1815 1125 1863; x_wconf 69' lang='lat' dir='ltr'>sanfflms,</span> <span class='ocrx_word' id='word_1_258' title='bbox 1147 1828 1270 1868; x_wconf 89' lang='lat' dir='ltr'>quae,</span> <span class='ocrx_word' id='word_1_259' title='bbox 1292 1815 1494 1855; x_wconf 87' lang='lat' dir='ltr'>lenociniis</span> <span class='ocrx_word' id='word_1_260' title='bbox 1519 1815 1733 1856; x_wconf 76' lang='lat' dir='ltr'>verborum</span> 
     </span>
     <span class='ocr_line' id='line_1_33' title="bbox 464 1869 1734 1922; baseline 0.001 -13"><span class='ocrx_word' id='word_1_261' title='bbox 464 1871 628 1922; x_wconf 90' lang='lat' dir='ltr'>procul,</span> <span class='ocrx_word' id='word_1_262' title='bbox 655 1882 800 1911; x_wconf 89' lang='lat' dir='ltr'>mentes</span> <span class='ocrx_word' id='word_1_263' title='bbox 820 1872 1020 1911; x_wconf 84' lang='lat' dir='ltr'>hominum</span> <span class='ocrx_word' id='word_1_264' title='bbox 1038 1869 1108 1909; x_wconf 90' lang='lat' dir='ltr'>suo</span> <span class='ocrx_word' id='word_1_265' title='bbox 1133 1869 1332 1921; x_wconf 87' lang='lat' dir='ltr'>splendore</span> <span class='ocrx_word' id='word_1_266' title='bbox 1356 1869 1516 1910; x_wconf 86' lang='lat' dir='ltr'>illustrat</span> <span class='ocrx_word' id='word_1_267' title='bbox 1543 1871 1584 1910; x_wconf 78' lang='grc' dir='ltr'>δι</span> <span class='ocrx_word' id='word_1_268' title='bbox 1606 1870 1734 1910; x_wconf 89' lang='lat' dir='ltr'>trahit.</span> 
     </span>
     <span class='ocr_line' id='line_1_34' title="bbox 466 1923 1735 1978; baseline 0.001 -14"><span class='ocrx_word' id='word_1_269' title='bbox 466 1926 576 1964; x_wconf 86' lang='lat' dir='ltr'>Haec</span> <span class='ocrx_word' id='word_1_270' title='bbox 600 1923 757 1972; x_wconf 88' lang='lat' dir='ltr'>Celsus,</span> <span class='ocrx_word' id='word_1_271' title='bbox 776 1926 914 1978; x_wconf 89' lang='lat' dir='ltr'>aliique</span> <span class='ocrx_word' id='word_1_272' title='bbox 927 1957 939 1974; x_wconf 86' lang='lat'>,</span> <span class='ocrx_word' id='word_1_273' title='bbox 963 1924 1024 1964; x_wconf 90' lang='lat' dir='ltr'>sed</span> <span class='ocrx_word' id='word_1_274' title='bbox 1044 1923 1179 1964; x_wconf 87' lang='lat' dir='ltr'>frustra</span> <span class='ocrx_word' id='word_1_275' title='bbox 1193 1954 1205 1971; x_wconf 95' lang='lat'>‚</span> <span class='ocrx_word' id='word_1_276' title='bbox 1230 1934 1450 1974; x_wconf 89' lang='lat' dir='ltr'>tentarunt,</span> <span class='ocrx_word' id='word_1_277' title='bbox 1472 1937 1495 1963; x_wconf 89' lang='lat' dir='ltr'>a</span> <span class='ocrx_word' id='word_1_278' title='bbox 1510 1923 1735 1965; x_wconf 87' lang='lat' dir='ltr'>Christianis</span> 
     </span>
     <span class='ocr_line' id='line_1_35' title="bbox 463 1978 1615 2030; baseline -0.001 -12"><span class='ocrx_word' id='word_1_279' title='bbox 463 1978 689 2019; x_wconf 62' lang='lat' dir='ltr'>doetoribus</span> <span class='ocrx_word' id='word_1_280' title='bbox 702 1978 935 2028; x_wconf 63' lang='lat' dir='ltr'>solidissime,</span> <span class='ocrx_word' id='word_1_281' title='bbox 949 1980 989 2019; x_wconf 85' lang='lat'>&amp;</span> <span class='ocrx_word' id='word_1_282' title='bbox 1006 1992 1025 2018; x_wconf 88' lang='lat' dir='ltr'>a</span> <span class='ocrx_word' id='word_1_283' title='bbox 1042 1979 1157 2018; x_wconf 87' lang='lat' dir='ltr'>rebus</span> <span class='ocrx_word' id='word_1_284' title='bbox 1170 1978 1255 2030; x_wconf 80' lang='lat' dir='ltr'>ipfis</span> <span class='ocrx_word' id='word_1_285' title='bbox 1269 1978 1436 2018; x_wconf 89' lang='lat' dir='ltr'>refutati.</span> <span class='ocrx_word' id='word_1_286' title='bbox 1455 1978 1615 2018; x_wconf 79' lang='lat' dir='ltr'><strong>SOLAN.</strong></span> 
     </span>
    </p>

    <p class='ocr_par' dir='ltr' id='par_1_5' title="bbox 466 2031 1736 2468">
     <span class='ocr_line' id='line_1_36' title="bbox 524 2031 1734 2087; baseline 0 -14"><span class='ocrx_word' id='word_1_287' title='bbox 524 2036 617 2085; x_wconf 79' lang='lat' dir='ltr'>Pag.</span> <span class='ocrx_word' id='word_1_288' title='bbox 637 2033 726 2072; x_wconf 84' lang='lat'>281.</span> <span class='ocrx_word' id='word_1_289' title='bbox 744 2035 769 2072; x_wconf 92' lang='lat' dir='ltr'>l.</span> <span class='ocrx_word' id='word_1_290' title='bbox 786 2049 821 2087; x_wconf 88' lang='lat'>3.</span> <span class='ocrx_word' id='word_1_291' title='bbox 836 2037 947 2074; x_wconf 71' lang='grc' dir='ltr'><strong><em>Κοινὰ,</em></strong></span> <span class='ocrx_word' id='word_1_292' title='bbox 963 2031 1166 2087; x_wconf 67' lang='grc' dir='ltr'>ἡγοῦνται)</span> <span class='ocrx_word' id='word_1_293' title='bbox 1182 2032 1258 2072; x_wconf 71' lang='lat' dir='ltr'>Etsi</span> <span class='ocrx_word' id='word_1_294' title='bbox 1271 2034 1370 2072; x_wconf 82' lang='lat' dir='ltr'>verti</span> <span class='ocrx_word' id='word_1_295' title='bbox 1384 2031 1533 2085; x_wconf 87' lang='lat' dir='ltr'>potest,</span> <span class='ocrx_word' id='word_1_296' title='bbox 1552 2045 1602 2072; x_wconf 86' lang='lat' dir='ltr'>eo</span> <span class='ocrx_word' id='word_1_297' title='bbox 1618 2031 1734 2086; x_wconf 78' lang='lat' dir='ltr'>signi-</span> 
     </span>
     <span class='ocr_line' id='line_1_37' title="bbox 467 2085 1736 2141; baseline -0.001 -14"><span class='ocrx_word' id='word_1_298' title='bbox 467 2087 587 2128; x_wconf 84' lang='lat' dir='ltr'>ficatu</span> <span class='ocrx_word' id='word_1_299' title='bbox 601 2088 827 2141; x_wconf 89' lang='lat' dir='ltr'>accipiendo</span> <span class='ocrx_word' id='word_1_300' title='bbox 840 2091 968 2135; x_wconf 66' lang='lat' dir='ltr'>notvbf,</span> <span class='ocrx_word' id='word_1_301' title='bbox 979 2101 1062 2141; x_wconf 92' lang='lat' dir='ltr'>quo</span> <span class='ocrx_word' id='word_1_302' title='bbox 1076 2088 1174 2127; x_wconf 88' lang='lat' dir='ltr'>locis</span> <span class='ocrx_word' id='word_1_303' title='bbox 1186 2087 1337 2140; x_wconf 89' lang='lat' dir='ltr'>aliquot</span> <span class='ocrx_word' id='word_1_304' title='bbox 1349 2087 1444 2127; x_wconf 89' lang='lat' dir='ltr'>novi</span> <span class='ocrx_word' id='word_1_305' title='bbox 1457 2085 1620 2127; x_wconf 88' lang='lat' dir='ltr'>foederis</span> <span class='ocrx_word' id='word_1_306' title='bbox 1631 2085 1736 2127; x_wconf 86' lang='lat' dir='ltr'>usur-</span> 
     </span>
     <span class='ocr_line' id='line_1_38' title="bbox 466 2138 1736 2196; baseline 0 -15"><span class='ocrx_word' id='word_1_307' title='bbox 466 2155 595 2195; x_wconf 84' lang='lat' dir='ltr'>patur,</span> <span class='ocrx_word' id='word_1_308' title='bbox 611 2142 706 2181; x_wconf 84' lang='lat' dir='ltr'>mihi</span> <span class='ocrx_word' id='word_1_309' title='bbox 720 2153 848 2182; x_wconf 85' lang='lat' dir='ltr'>tamen</span> <span class='ocrx_word' id='word_1_310' title='bbox 863 2141 938 2183; x_wconf 86' lang='lat' dir='ltr'>sese</span> <span class='ocrx_word' id='word_1_311' title='bbox 951 2143 1089 2195; x_wconf 87' lang='lat' dir='ltr'>probat</span> <span class='ocrx_word' id='word_1_312' title='bbox 1102 2141 1333 2188; x_wconf 76' lang='lat' dir='ltr'>emendatio,</span> <span class='ocrx_word' id='word_1_313' title='bbox 1348 2154 1486 2194; x_wconf 86' lang='lat' dir='ltr'>nempe</span> <span class='ocrx_word' id='word_1_314' title='bbox 1496 2143 1586 2181; x_wconf 71' lang='grc' dir='ltr'>κενὰ</span> <span class='ocrx_word' id='word_1_315' title='bbox 1601 2138 1736 2196; x_wconf 69' lang='grc' dir='ltr'>ἦγοῦν-</span> 
     </span>
     <span class='ocr_line' id='line_1_39' title="bbox 470 2195 1734 2250; baseline -0.001 -13"><span class='ocrx_word' id='word_1_316' title='bbox 470 2212 539 2237; x_wconf 74' lang='grc' dir='ltr'>ται</span> <span class='ocrx_word' id='word_1_317' title='bbox 551 2227 560 2241; x_wconf 84' lang='grc'>,</span> <span class='ocrx_word' id='word_1_318' title='bbox 581 2213 675 2236; x_wconf 77' lang='lat' dir='ltr'>vana</span> <span class='ocrx_word' id='word_1_319' title='bbox 688 2196 722 2235; x_wconf 72' lang='lat'>6³</span> <span class='ocrx_word' id='word_1_320' title='bbox 733 2196 858 2249; x_wconf 79' lang='lat' dir='ltr'>futilia</span> <span class='ocrx_word' id='word_1_321' title='bbox 872 2196 935 2249; x_wconf 71' lang='lat' dir='ltr'><em>ff</em></span> <span class='ocrx_word' id='word_1_322' title='bbox 949 2197 1147 2250; x_wconf 82' lang='lat' dir='ltr'>existimant.</span> <span class='ocrx_word' id='word_1_323' title='bbox 1164 2196 1302 2249; x_wconf 87' lang='lat' dir='ltr'>Neque</span> <span class='ocrx_word' id='word_1_324' title='bbox 1321 2197 1422 2236; x_wconf 90' lang='lat' dir='ltr'>enim</span> <span class='ocrx_word' id='word_1_325' title='bbox 1437 2195 1600 2243; x_wconf 88' lang='lat' dir='ltr'>Graeci,</span> <span class='ocrx_word' id='word_1_326' title='bbox 1622 2196 1734 2247; x_wconf 87' lang='lat' dir='ltr'>quod</span> 
     </span>
     <span class='ocr_line' id='line_1_40' title="bbox 468 2249 1736 2303; baseline -0.001 -13"><span class='ocrx_word' id='word_1_327' title='bbox 468 2251 622 2303; x_wconf 87' lang='lat' dir='ltr'>quidem</span> <span class='ocrx_word' id='word_1_328' title='bbox 643 2251 972 2291; x_wconf 73' lang='lat' dir='ltr'>commeminerint</span> <span class='ocrx_word' id='word_1_329' title='bbox 987 2281 1000 2298; x_wconf 83' lang='lat'>‚</span> <span class='ocrx_word' id='word_1_330' title='bbox 1020 2251 1073 2290; x_wconf 86' lang='lat' dir='ltr'>ita</span> <span class='ocrx_word' id='word_1_331' title='bbox 1093 2249 1276 2301; x_wconf 90' lang='lat' dir='ltr'>usurpant</span> <span class='ocrx_word' id='word_1_332' title='bbox 1299 2249 1425 2290; x_wconf 69' lang='grc' dir='ltr'><strong><em>κοινός.</em></strong></span> <span class='ocrx_word' id='word_1_333' title='bbox 1450 2249 1609 2290; x_wconf 74' lang='lat' dir='ltr'>FABER.</span> <span class='ocrx_word' id='word_1_334' title='bbox 1638 2250 1736 2290; x_wconf 85' lang='lat' dir='ltr'>Hu-</span> 
     </span>
     <span class='ocr_line' id='line_1_41' title="bbox 469 2304 1735 2357; baseline 0 -13"><span class='ocrx_word' id='word_1_335' title='bbox 469 2305 530 2344; x_wconf 87' lang='lat' dir='ltr'>ius</span> <span class='ocrx_word' id='word_1_336' title='bbox 550 2306 625 2344; x_wconf 90' lang='lat' dir='ltr'>loci</span> <span class='ocrx_word' id='word_1_337' title='bbox 647 2304 791 2345; x_wconf 88' lang='lat' dir='ltr'>sensum</span> <span class='ocrx_word' id='word_1_338' title='bbox 805 2336 817 2352; x_wconf 89' lang='lat'>‚</span> <span class='ocrx_word' id='word_1_339' title='bbox 840 2304 1122 2357; x_wconf 83' lang='lat' dir='ltr'>scripturaeque</span> <span class='ocrx_word' id='word_1_340' title='bbox 1138 2305 1255 2344; x_wconf 87' lang='lat' dir='ltr'>huius</span> <span class='ocrx_word' id='word_1_341' title='bbox 1274 2305 1472 2344; x_wconf 87' lang='lat' dir='ltr'>veritatem</span> <span class='ocrx_word' id='word_1_342' title='bbox 1487 2305 1562 2343; x_wconf 88' lang='lat' dir='ltr'>iam</span> <span class='ocrx_word' id='word_1_343' title='bbox 1586 2304 1735 2356; x_wconf 85' lang='lat' dir='ltr'>pridem</span> 
     </span>
     <span class='ocr_line' id='line_1_42' title="bbox 469 2358 1736 2413; baseline 0 -15"><span class='ocrx_word' id='word_1_344' title='bbox 469 2360 513 2398; x_wconf 84' lang='lat' dir='ltr'>in</span> <span class='ocrx_word' id='word_1_345' title='bbox 540 2358 856 2400; x_wconf 73' lang='lat' dir='ltr'>dissertatiuncula</span> <span class='ocrx_word' id='word_1_346' title='bbox 882 2359 1039 2406; x_wconf 78' lang='lat' dir='ltr'>asserui,</span> <span class='ocrx_word' id='word_1_347' title='bbox 1065 2373 1180 2409; x_wconf 86' lang='lat' dir='ltr'>quam</span> <span class='ocrx_word' id='word_1_348' title='bbox 1199 2361 1238 2399; x_wconf 85' lang='lat' dir='ltr'>de</span> <span class='ocrx_word' id='word_1_349' title='bbox 1248 2359 1328 2412; x_wconf 78' lang='lat' dir='ltr'>stilo</span> <span class='ocrx_word' id='word_1_350' title='bbox 1358 2360 1440 2398; x_wconf 75' lang='lat' dir='ltr'>novi</span> <span class='ocrx_word' id='word_1_351' title='bbox 1470 2358 1669 2413; x_wconf 79' lang='lat' dir='ltr'>Testamenti</span> <span class='ocrx_word' id='word_1_352' title='bbox 1692 2358 1736 2398; x_wconf 86' lang='lat' dir='ltr'>in</span> 
     </span>
     <span class='ocr_line' id='line_1_43' title="bbox 473 2412 1736 2468; baseline -0.001 -15"><span class='ocrx_word' id='word_1_353' title='bbox 473 2413 679 2454; x_wconf 80' lang='lat' dir='ltr'>Academia</span> <span class='ocrx_word' id='word_1_354' title='bbox 709 2413 1004 2468; x_wconf 81' lang='lat' dir='ltr'>Franequerana</span> <span class='ocrx_word' id='word_1_355' title='bbox 1027 2414 1188 2462; x_wconf 85' lang='lat' dir='ltr'>editam,</span> <span class='ocrx_word' id='word_1_356' title='bbox 1219 2414 1299 2456; x_wconf 84' lang='lat' dir='ltr'>aliis</span> <span class='ocrx_word' id='word_1_357' title='bbox 1321 2412 1488 2456; x_wconf 84' lang='lat' dir='ltr'>eiusdem</span> <span class='ocrx_word' id='word_1_358' title='bbox 1516 2413 1736 2467; x_wconf 78' lang='lat' dir='ltr'>argumenti</span> 
     </span>
    </p>
   </div>
   <div class='ocr_carea' id='block_1_3' title="bbox 1761 0 1835 2233">
    <p class='ocr_par' dir='ltr' id='par_1_6' title="bbox 1761 0 1835 2233">
     <span class='ocr_line' id='line_1_44' title="bbox 1761 0 1835 2233; baseline 0 0"><span class='ocrx_word' id='word_1_359' title='bbox 1761 0 1835 2233; x_wconf 95' lang='lat' dir='ltr'> </span> 
     </span>
    </p>
   </div>
  </div>
 </body>
</html>
