1835 3408
419 112 506 173 5ss
623 109 1501 158 ANNOTATIONES

415 198 566 238 ἐπὶτὲις
586 199 627 251 ἐξ
644 198 768 252 ἀρχῆς
784 193 876 250 ἶξαν
899 198 999 238 τεξὶε
1020 199 1198 251 praetulit
1221 212 1269 238 ex
1293 199 1364 239 Ms.
1389 213 1479 240 cum
1507 200 1571 240 alii
1595 198 1697 254 quo}

414 265 491 305 que
512 247 609 305 ἶν’ξαν
637 254 685 292 ab
716 251 789 295 ῖίκω
813 253 1008 291 haberent.
1037 251 1188 292 Confer
1214 252 1311 293 infra
1325 254 1451 307 Fugit.
1466 268 1498 295 c.
1515 255 1550 295 6.
1572 253 1694 308 Supra

414 305 587 346 Demon.
603 321 635 347 c,
651 322 676 355 4
691 321 747 361 pt.
770 308 943 346 ἀνίπτοις
964 320 1014 360 γε
1041 307 1130 345 ποσὶ
1146 308 1235 358 πρὶς
1252 306 1384 347 ταῦτα
1411 305 1512 360 ἧξεν,
1529 309 1595 347 ubi
1611 322 1694 348 cer-

415 370 453 399 te
468 354 553 411 ἶιξεν
580 361 712 400 locum
738 362 806 400 vix
829 359 997 399 haberet.
1027 359 1099 399 Sed
1121 360 1306 412 punElum
1335 360 1528 414 subscript.
1555 362 1596 401 δι
1620 363 1694 403 illic

415 426 557 465 operae
585 415 684 454 male
711 413 897 455 omisere:
923 415 1029 466 quod
1062 415 1099 452 in
1125 414 1265 453 talibus
1292 415 1465 455 addendo
1487 415 1693 455 lectionem

416 468 644 516 emendare,
664 481 743 508 non
766 478 935 507 meretur
957 479 1099 506 nomen
1127 469 1373 517 mutationis;
1400 470 1573 523 adeoque
1602 469 1695 509 nihil

417 523 726 575 criminabuntur
745 522 926 574 vulgatae
950 522 1112 573 patroni.
1141 521 1286 560 REITz.

474 578 549 614 ead.
565 577 591 614 l.
614 589 671 626 ¹5·
694 574 845 628 Ἠιξαν)
867 575 916 614 Τ.
930 574 1043 614 Fabri
1061 576 1368 615 emendationem
1390 575 1525 615 lubens
1546 575 1696 628 ample-

417 631 517 677 ἂοτ,
544 628 725 669 mendose
743 630 780 669 in
800 630 911 683 Amst.
930 629 987 667 ed.
1004 628 1241 681 impressam:
1269 642 1356 669 cum
1378 631 1477 669 enim
1507 631 1543 668 in
1568 630 1697 669 omni-

418 685 491 722 bus
512 682 585 722 suis
607 683 765 723 Luciani
791 680 974 735 impreffis
997 678 1092 734 ’ᾖξαν
1121 683 1336 730 inveniret,
1353 678 1448 735 ἶξαν
1471 684 1632 722 restituit
1647 684 1696 722 ab

419 737 557 776 ἀίσσω·
579 738 685 790 quod
701 737 737 776 in
755 737 784 776 I.
799 737 856 776 ed.
873 736 941 775 nisi
959 750 1019 775 me
1040 736 1144 776 oculi
1166 736 1320 784 fallunt,
1338 739 1448 776 etiam
1465 737 1593 776 exstat.
1606 738 1696 778 vid.

422 791 524 842 apud
540 790 727 831 Nostrum
747 790 869 843 ipsum
886 796 973 828 Δικ.
991 803 1073 842 cap.
1087 792 1125 837 6,
1142 790 1208 829 ἐπὶ
1222 790 1288 830 τὴν
1300 788 1417 842 πίιραν
1433 791 1627 843 ἀίξαντες·
1651 791 1696 831 &

423 849 501 895 Νερ.
525 857 556 884 c.
576 859 619 898 33
639 846 733 896 quin
749 852 879 894 Δραπ.
895 845 920 884 6
943 845 994 882 ita
1007 844 1123 883 etiam
1149 844 1189 883 in
1209 846 1253 884 V.
1271 857 1305 883 2.
1328 844 1496 898 legitur,
1522 845 1590 885 ubi
1606 845 1694 886 vide

422 909 554 938 notam
573 898 755 938 nostram.
778 898 939 938 SoLAN.

477 953 570 1008 Pag.
590 966 678 1005 300.
692 954 716 992 l.
729 966 765 1004 9.
784 955 877 1004 Πρὸς
891 951 1108 1004 ἀνίσχοντα
1119 953 1184 991 τὶν
1195 948 1296 992 ἥλιον
1311 951 1616 1005 ἀσπασάμενος)
1626 953 1697 993 Le-

421 1007 588 1058 gendum
614 1005 668 1045 est
683 1019 784 1046 voce
803 1006 917 1046 unica
931 1007 1277 1058 προσανίσχοντα,
1299 1006 1334 1044 id
1351 1007 1453 1046 enim
1472 1006 1637 1057 postulat
1652 1010 1696 1046 τὸ

423 1060 696 1110 ἀσπάζεσθαι.
724 1060 955 1113 Προσανέχω
984 1060 1023 1098 8(
1048 1061 1316 1112 προσανίσχω,
1345 1061 1444 1100 orior.
1475 1060 1582 1100 Prius
1603 1060 1697 1101 illud

423 1113 524 1166 apud
549 1114 726 1162 Suidam3
757 1114 824 1166 qui
847 1114 1124 1165 προσανέχοντι
1152 1115 1267 1152 vertit
1297 1126 1365 1166 per
1397 1113 1600 1168 ἑξέχοντι,
1629 1115 1698 1167 qui

424 1168 535 1207 locus
559 1181 580 1207 a
604 1167 726 1208 Porto
747 1167 844 1207 male
866 1167 1077 1206 intelleetus
1095 1166 1160 1207 est.
1183 1167 1421 1207 Vertendum
1446 1169 1548 1207 enim
1574 1167 1699 1208 fuerat

426 1223 762 1274 προσανίσχοντι,
787 1222 822 1261 id
842 1220 895 1261 est
911 1253 922 1270 ‚
944 1222 1087 1267 orienti,
1111 1232 1153 1260 ut
1181 1219 1290 1275 ἒ’ξεχ’
1304 1217 1330 1261 (ἶ
1359 1223 1442 1271 φίλ’
1464 1218 1559 1263 ἱίλιε.
1579 1221 1698 1275 Apud

427 1276 591 1315 eundem
617 1276 770 1316 Suidam
801 1276 899 1315 linea
929 1274 1100 1328 sequenti
1133 1276 1223 1327 lego
1251 1277 1361 1316 unica
1390 1288 1494 1316 voce
1521 1276 1699 1327 προσανέ-

428 1344 586 1383 oxon-‘roe
598 1326 716 1376 Ἅλιον,
731 1331 1008 1370 ἀνατέλλοντα.
1024 1329 1158 1381 Quem
1178 1331 1305 1369 locum
1327 1330 1399 1369 effe
1409 1330 1568 1369 Luciani
1587 1341 1699 1382 puto,

427 1384 530 1423 hunc
544 1383 681 1436 ipsum,
697 1385 869 1437 inquam,
886 1384 951 1436 qui
965 1396 1068 1423 nunc
1082 1384 1194 1423 nobis
1210 1385 1247 1422 in
1267 1385 1440 1423 manibus
1453 1384 1516 1423 est.
1538 1384 1698 1425 FABER.

428 1437 590 1476 lubebat
612 1438 741 1477 Solan.
758 1436 934 1478 conferre
950 1437 1094 1503 Menip.
1109 1450 1192 1490 cap.
1208 1450 1250 1486 7,
1270 1438 1334 1477 ubi
1347 1439 1500 1490 quidem
1521 1437 1632 1490 lego,
1648 1460 1694 1470 —

428 1488 529 1531 ἕωθεν
552 1494 645 1542 πρὸς
668 1492 938 1531 ἀνατέλλοντα
956 1493 1021 1530 τὸν
1040 1487 1139 1531 ἣλιον
1165 1490 1264 1543 ῥῆσίν
1287 1507 1374 1531 τινα
1395 1493 1546 1546 μακρὰν
1567 1492 1700 1533 ἑπιλέ·

426 1559 530 1598 γον,
560 1545 757 1598 videoque
782 1546 864 1585 edd.
888 1546 1090 1585 nonnullas
1108 1548 1471 1597 προσανατέλλοντα
1491 1547 1699 1599 coniunge-

428 1612 493 1647 re;
515 1598 575 1638 sed
596 1600 696 1638 male
721 1599 909 1652 profecto.
931 1600 1071 1639 Utrum
1093 1613 1189 1639 vero
1204 1601 1263 1639 hic
1280 1600 1590 1654 προσανίσχοντα
1606 1614 1697 1641 cum

429 1652 558 1693 Fabro
582 1654 891 1693 conne&endum
916 1653 981 1700 sit,
1010 1654 1153 1693 dubito.
1183 1655 1276 1694 Non
1309 1654 1436 1694 saltem
1462 1656 1564 1694 illico
1586 1655 1623 1693 id
1645 1655 1700 1694 fa·

426 1707 513 1747 cio:
539 1706 606 1747 etsi
631 1708 774 1761 phrasts
795 1709 857 1748 hic
881 1708 997 1760 paulo
1021 1709 1120 1755 alia,
1139 1708 1179 1747 &
1196 1707 1465 1748 ἀσπάσασθαι
1482 1712 1571 1760 πρὶς
1595 1705 1699 1749 ἶν’λιον

426 1760 507 1802 fine
529 1761 715 1811 subie&0‚
729 1764 834 1815 quod
851 1763 936 1814 quis
955 1762 1104 1810 adorat,
1123 1761 1324 1808 salutatve‚
1349 1761 1576 1803 insolentior
1595 1763 1699 1803 vide-

427 1827 516 1864 tur3
544 1826 673 1856 tamen
696 1817 970 1868 ’προσανίσχων
998 1829 1119 1870 aeque
1143 1817 1203 1856 hic
1229 1817 1520 1857 incommodum
1545 1817 1698 1857 videtur

428 1883 475 1909 ac
499 1873 835 1923 προσανατέλλων,
852 1872 940 1910 dum
962 1872 1063 1910 ratio
1089 1871 1248 1925 duplicis
1270 1870 1566 1924 compositionis
1591 1871 1697 1911 nulla

429 1935 612 1978 apparet:
644 1925 796 1978 alioqui
820 1925 854 1963 id
880 1926 1139 1972 admitterem,
1162 1926 1229 1965 ubi
1252 1925 1459 1965 au6toritas
1482 1925 1698 1974 accederet3

428 1979 521 2032 quia
539 1978 793 2027 ἀσπάζεσὲιαι
815 1982 904 2031 πρὸς
920 1982 1010 2019 τινὰ.
1035 1980 1159 2019 minus
1177 1980 1373 2019 Graecum
1389 1980 1556 2026 videtur,
1579 1992 1697 2032 quam

428 2033 594 2073 verbum
619 2033 893 2087 compositum,
915 2034 1024 2073 cuius
1044 2033 1219 2087 exempla
1246 2047 1325 2073 non
1347 2033 1497 2084 habe03
1522 2033 1583 2075 sed
1604 2045 1698 2074 ana-

430 2088 518 2140 loga
538 2088 846 2140 προσαναπίπτω
864 2089 903 2128 δι
920 2088 1053 2127 similia
1072 2089 1204 2128 obvia.
1227 2088 1374 2128 REsz.

487 2144 577 2193 P-ag.
595 2155 679 2194 301.
696 2145 718 2182 l.
737 2156 768 2182 1.
784 2143 989 2194 Χαρίεντα)
1011 2143 1171 2192 Gratum,
1195 2143 1329 2195 interp.
1347 2142 1448 2182 Satis
1462 2142 1613 2196 prodit,
1633 2154 1697 2183 ne-

429 2194 524 2234 scire
538 2196 589 2242 se,
603 2198 697 2249 quid
711 2196 755 2236 sit
771 2199 935 2250 χαρίεις.
954 2196 1013 2236 Est
1025 2197 1126 2235 enim
1144 2208 1292 2248 praeter
1306 2195 1598 2248 fignificationes
1612 2196 1697 2236 vul-

429 2262 539 2301 gares
559 2253 688 2296 ιίοὲἶιις,
704 2254 850 2303 peritus,
866 2254 1026 2291 eruditus.
1049 2251 1089 2290 Id
1111 2250 1190 2290 fuse
1209 2250 1372 2290 ostendit
1384 2250 1637 2291 Casaubonus
1656 2251 1694 2290 in

429 2306 713 2343 commentariis
728 2307 774 2345 ad
791 2307 1036 2345 Athenaeum
1049 2335 1058 2349 ,
1073 2306 1209 2353 ἀοὲὶίς,
1226 2305 1412 2357 Iuppiter,
1426 2305 1467 2344 δι
1483 2303 1696 2345 laboriofis.

430 2358 516 2405 Sed,
532 2371 579 2398 ne
595 2358 809 2410 ἀσύμβολος
824 2360 974 2406 abeam,
995 2361 1126 2399 addam
1148 2361 1234 2400 loca
1259 2360 1416 2412 aliquot.
1440 2359 1631 2400 Lucianus
1655 2359 1694 2398 in

428 2411 574 2461 libello,
589 2414 652 2454 cui
667 2414 798 2454 titulus
809 2414 878 2461 est,
900 2414 981 2455 πῶς
994 2414 1061 2455 δεῖ
1076 2414 1242 2469 ἱστορίαν
1265 2415 1523 2469 συγγράφειν,
1545 2414 1598 2453 ita
1611 2411 1696 2454 scri·
