1783 3403
311 209 380 257 m
415 212 501 259 DE
542 209 775 259 MORTE
811 207 1164 260 mmmm.
1288 229 1380 281 579

103 298 160 340 bit
183 298 296 354 (cap.
319 301 365 340 16
378 301 414 354 z)
434 301 536 341 πλὴν
551 301 661 341 ἀλλὰ
672 301 914 356 μετριώτερὸς
925 316 977 356 ’γε
992 301 1008 340 ὃ
1025 302 1181 344 isui-rm
1198 297 1305 344 οἱῗτος
1323 300 1379 352 ἦν,

103 349 222 394 αὖτὀς
241 355 309 404 μὲν
325 351 469 394 αὐτίκα,
484 354 595 395 δῆλος
613 354 659 394 ὢν
677 352 746 394 οἶος
761 349 799 395 ἦν
811 387 822 403 ,
848 355 954 405 ἄλλῳ
968 355 995 395 ὃ
997 357 1015 394 ε’
1028 371 1100 395 τινι
1123 359 1296 411 χαρίεντι
1313 362 1378 400 καὶ

103 407 342 458 δυνησομένῳ
356 408 521 461 ἱστορίαν
535 410 901 460 μεταχειρίσασᾶαι
917 412 1147 450 πεπονηκώς.
1172 412 1293 459 Vide,
1311 420 1377 451 τὀν

106 462 298 514 χαρίεντα.
313 462 353 502 δι
365 464 429 501 τὶν
445 461 595 500 isicii-tm
611 463 707 501 inter
723 462 758 501 t'e
773 464 935 515 opponi.
961 463 1032 503 Sed
1053 464 1083 503 is
1096 465 1205 504 locus
1220 466 1378 506 Luciani

108 514 263 568 peffime
274 514 486 554 conversus
499 515 563 554 est.
579 516 696 568 Apud
715 516 956 557 Plutarchum
970 530 1060 557 curn
1075 517 1274 558 Periander
1291 522 1379 573 qui-

109 569 194 608 dam
209 598 222 615 ,
239 569 447 608 medicinae
470 581 550 608 arte
571 570 721 617 clarus,
742 570 985 619 laudaretur,
1007 583 1144 611 verum
1163 573 1260 612 mala
1280 577 1379 626 poe·

109 634 210 661 mata
226 621 427 669 scriberet,
446 623 481 660 ei
497 622 772 668 Archidamus,
788 626 825 662 τί
837 621 885 663 sa
899 639 1008 671 ποτε,
1023 625 1164 678 inquit,
1187 620 1212 665 (ἶ
1230 627 1379 677 neptam-

105 673 187 727 ἒρε,
217 676 302 714 ἀντὶ
328 675 529 728 χαρίεντος
553 673 681 728 ἰατροῦ
701 680 816 715 κακὸς
841 678 996 717 mimis
1020 678 1227 719 καλεῖσθαι
1251 679 1377 719 ἐπιθυ-

107 728 219 780 {cefff
247 729 322 769 Ubi
340 732 478 768 iterum
494 729 623 769 videre
637 728 713 776 est,
731 733 844 770 κακὸν
860 730 1018 772 ποιητὴν
1036 732 1184 785 opponi
1201 733 1376 786 χαρίεντι

109 781 234 835 ἰατρῷ.
253 783 370 822 Hunc
392 783 519 822 locum
539 783 636 822 male
651 784 836 823 intellexit
853 784 1024 836 Rapha'e‘l
1043 785 1199 838 Regius.
1220 786 1249 825 F
1252 798 1376 829 ABER.

105 834 225 876 Conf.
240 835 350 889 supra
362 836 447 875 Iov.
463 836 581 889 Trag.
601 846 687 890 cap.
706 837 771 885 48,
787 838 827 876 δι
847 838 1002 890 Quom.
1016 839 1111 879 Hist.
1127 853 1158 879 c.
1180 841 1241 886 16,
1255 854 1378 893 quae·

107 903 186 942 que
199 902 365 943 utroque
377 890 468 929 loco
480 900 624 930 notata.
648 892 755 930 Adde
768 891 830 931 hic
842 923 853 938 ‚
874 904 952 931 non
967 891 1113 945 semper
1126 903 1256 932 tamen
1270 897 1377 935 viros

108 945 262 982 literatos
288 944 581 997 intelligendos3
606 943 667 983 sed
691 945 919 997 generaliter
944 959 1079 986 omnes
1111 948 1305 994 honestiores
1334 950 1375 989 <St

104 998 291 1050 gratiosos,
312 1011 394 1051 quo
417 997 522 1037 sensu
542 1011 602 1050 ap.
625 996 744 1039 Diod.
759 998 831 1039 Sic:
842 998 1047 1051 frequens,
1068 1012 1112 1040 ut
1129 1001 1168 1039 L.
1187 1000 1240 1040 XI
1255 1032 1266 1046 ,
1290 1015 1376 1054 cap.

107 1050 160 1091 86
174 1049 199 1091 f.
219 1054 479 1103 χαριέστατοι
492 1051 563 1090 τῶν
578 1051 759 1099 πολιτῶν,
773 1065 891 1105 atque
906 1053 991 1091 alibi
1008 1066 1085 1093 non
1096 1053 1218 1093 semel.
1230 1055 1376 1095 Rtirz.

163 1109 239 1144 ead.
254 1105 279 1145 l.
295 1120 329 1144 2.
345 1108 454 1144 Ψιλὲι
469 1106 514 1144 ἂν
530 1103 657 1156 ὥσπερ
673 1107 727 1145 σοὶ
738 1109 792 1144 ’τὰ
809 1107 1037 1160 πραχθέντα.
1048 1107 1138 1161 esur)
1149 1108 1276 1161 οὑμην)
1297 1113 1377 1149 Eo-

109 1172 200 1206 rum,
316 1161 404 1212 gesta
418 1171 526 1206 erant,
548 1160 607 1197 vel
618 1161 816 1212 tenuffma,
836 1163 1111 1214 quemadmodum
1131 1163 1206 1208 tibi,
1227 1178 1373 1215 expone-

105 1214 200 1252 ham.
251 1214 502 1265 nterpolator.
530 1213 630 1259 Ubi,
655 1215 740 1266 quis
766 1213 879 1253 risum
902 1214 965 1254 vel
990 1215 1286 1268 indignationem
1313 1230 1375 1256 te-··

106 1265 222 1305 neat?
248 1265 412 1306 Hiscene
432 1267 545 1307 licere
561 1267 780 1306 hominibus
799 1268 926 1307 bonos
949 1267 1148 1320 scriptores
1163 1269 1376 1323 attingere?

108 1320 151 1360 a&
163 1333 263 1374 quae
276 1321 423 1372 optime
438 1321 485 1359 ab
500 1321 704 1373 interprete
717 1331 825 1359 etant
837 1321 1036 1367 conversa,
1052 1323 1263 1374 depravare
1277 1324 1290 1362 ?
1309 1324 1374 1364 Sic

106 1375 208 1413 enim
226 1374 337 1428 plane
351 1374 392 1414 δι
409 1373 545 1413 diserte
561 1375 765 1426 interpres:
788 1375 840 1412 illi
860 1388 925 1413 rem
946 1389 1071 1414 omnem
1088 1377 1178 1414 nude
1196 1377 1229 1414 δ’
1237 1379 1374 1430 stmpli·

105 1428 207 1475 citer,
224 1439 265 1467 nt
282 1430 357 1467 alla
377 1439 469 1475 erat,
491 1431 765 1480 quemadmodum
786 1429 867 1475 tibi,
884 1430 1187 1468 commemorabam.
1213 1429 1372 1470 FABER.

160 1484 235 1521 ead.
258 1482 282 1521 l.
306 1497 340 1533 3.
366 1483 536 1530 Βλέωιας)
566 1483 652 1522 Hos
671 1481 772 1521 Dial.
800 1482 914 1522 Alex.
935 1481 961 1521 s.
984 1482 1183 1523 Pseudom.
1203 1485 1374 1524 vocabat

107 1535 276 1589 παχεῖς.
300 1536 475 1576 Bouno.

158 1592 234 1629 rad.
250 1591 274 1628 l.
287 1603 325 1640 7.
337 1589 421 1640 Γὺψ
443 1588 735 1642 ἀναπτάμενος)
751 1589 842 1629 Non
856 1601 956 1642 opus
970 1588 1042 1635 est,
1059 1600 1104 1629 ut
1123 1602 1210 1629 cum
1230 1590 1373 1631 Lemo-

105 1642 174 1682 nio
189 1644 334 1696 proleg.
349 1645 395 1683 ad
410 1644 503 1682 Var.
525 1643 604 1683 Sac.
620 1643 684 1684 fol.
713 1657 727 1681 ι
740 1657 772 1689 1,
791 1642 1035 1696 suspicemur,
1051 1643 1160 1682 rideri
1183 1645 1245 1684 hic
1263 1645 1373 1685 Chri-

103 1695 333 1745 stianorum,
354 1697 401 1737 de
423 1697 606 1737 columba
630 1711 652 1737 e
668 1696 875 1750 Polycarpi
899 1710 999 1749 rogo
1019 1698 1225 1746 evolante,
1248 1698 1372 1738 fabel-

105 1748 208 1799 lam;
232 1763 297 1791 aut
316 1752 353 1790 in
373 1763 500 1791 totum
515 1752 612 1791 adeo
625 1751 887 1804 Polycarpum
904 1753 1036 1791 eadem
1058 1763 1176 1803 opera
1194 1752 1373 1803 perstrin-

106 1804 170 1857 gi,
185 1806 255 1857 qui
276 1806 371 1859 ignis
393 1805 618 1858 supplicium
642 1806 852 1859 appetierit.
878 1805 993 1852 Satis,
1017 1805 1122 1857 quod
1138 1806 1202 1845 vel
1221 1818 1269 1844 ex
1292 1807 1373 1847 hoc

104 1859 236 1899 libello
250 1871 408 1913 apparet
421 1889 432 1906 ,
457 1859 634 1899 audaCter
649 1860 688 1900 δι
712 1859 927 1911 petulanter
950 1857 1102 1899 insultat
1120 1858 1368 1900 Christianis:

106 1925 180 1954 nec
194 1913 329 1961 causa,
357 1926 429 1954 cur
453 1914 600 1953 nomini
625 1924 796 1966 parceret
818 1926 838 1952 a
860 1912 897 1952 se
922 1911 1231 1952 contemtiffimo.
1258 1913 1373 1966 Quid

106 1977 188 2006 erat
202 1980 323 2020 porro
336 1968 553 2020 vulgatius,
573 1980 688 2020 quam
705 1967 869 2019 aquilam
891 1968 1011 2006 emitti
1027 1967 1063 2005 in
1079 1965 1369 2008 consecratione

104 2020 313 2062 Romana?
336 2021 487 2061 Vultur
505 2023 602 2061 canis
624 2020 737 2060 instar
760 2022 855 2060 inter
873 2033 987 2067 aves,
1013 2033 1055 2060 ut
1073 2021 1171 2060 inter
1194 2021 1369 2061 homines

108 2076 241 2129 Cynici.
270 2075 394 2115 Facile
415 2087 510 2128 ergo
537 2075 632 2115 haec
654 2076 692 2114 in
719 2087 884 2115 mentem
906 2075 1040 2114 venire
1059 2074 1209 2114 scurrae
1235 2075 1369 2114 nostro

137 2139 301 2169 otetant.
334 2129 383 2169 Et
407 2130 498 2182 quid
524 2129 551 2168 st
571 2128 710 2169 fabella
733 2127 810 2181 ipsa
832 2128 1046 2168 Christiana
1073 2127 1127 2168 est
1151 2129 1370 2169 recentior?

125 2213 134 2223 .
151 2184 269 2237 gratis
289 2182 478 2234 conficta,
494 2182 518 2222 s.
533 2196 581 2222 ex
598 2184 852 2236 corruptione
865 2183 1038 2223 actorum
1060 2184 1235 2234 martyrii
1258 2195 1344 2223 orta
1356 2213 1369 2230 ,

106 2249 207 2291 quae
218 2235 297 2291 ipse
309 2237 512 2278 emendare
523 2249 685 2277 conatur
700 2236 927 2277 Lemonius?
951 2235 1078 2278 Gesn.

161 2295 236 2331 ead.
251 2291 275 2332 l.
289 2291 324 2331 8.
338 2288 489 2331 Ἔλιπον
503 2290 599 2345 γαῖν)
624 2291 678 2330 Ex
693 2291 924 2344 tragicorum
939 2291 1080 2344 aliquo.
1097 2289 1168 2330 Sed
1186 2302 1257 2330 cur
1270 2303 1370 2343 opus

106 2344 180 2385 fuit
198 2346 326 2386 dicere
339 2343 419 2400 γαῖν
430 2347 572 2398 potius,
586 2358 702 2399 quam
714 2345 805 2399 γῆν;
819 2345 925 2384 Facit
937 2357 981 2383 ea
996 2357 1054 2384 res
1067 2347 1157 2396 πρὶς
1166 2348 1209 2381 τὸ
1223 2347 1369 2394 σεμνὴν,

105 2412 314 2453 novaeque
331 2399 529 2452 apotheosi
550 2400 668 2453 magis
690 2399 884 2439 convenit.
903 2397 1123 2443 Somnium,
1137 2398 1296 2449 inquies.
1312 2398 1367 2436 At

107 2454 195 2492 audi
211 2453 448 2494 Eustathium
463 2454 509 2493 ad
529 2453 627 2493 lliad.
652 2452 751 2505 Quo
767 2453 856 2508 loco
873 2453 924 2491 ait
944 2450 1192 2491 Athenienses
1215 2463 1367 2502 praetu-

107 2505 188 2548 liffe
200 2511 260 2558 τὸ,
274 2503 301 2548 ὖ
318 2508 505 2559 Δάματερ
518 2507 723 2556 Doricum,
742 2506 806 2557 τῷ,
824 2505 849 2546 ’ὦ
864 2505 1055 2599 Δίνμητεος,
1067 2505 1173 2557 quod
1194 2517 1369 2544 commu·

1051 2572 1076 2598 ο
1103 2573 1122 2596 2
