1783 3403
299 207 366 252 IN
402 206 486 254 DE
524 208 752 254 MORTE
787 207 1138 255 PEREGRINI.
1265 216 1347 276 565

139 294 251 386 cadi}
264 292 301 333 8.
316 295 529 347 Κενταυρίου
545 292 730 349 αἰζιιατοςτ)
749 295 926 348 Intelligit
942 308 1123 337 cruorem
1137 297 1239 339 Neffi
1253 298 1354 340 Cen·

87 355 199 386 tauri.
253 358 376 387 ABER.
711 369 715 373 ·
739 370 746 380 t

142 401 216 439 ead.
231 401 254 438 l.
271 413 328 440 10.
341 401 543 450 Ἐμβὲιλλει
559 401 694 454 φέρων)
715 401 778 441 De
793 402 864 442 hac
875 403 1073 443 locutione
1091 404 1239 452 confer,
1256 419 1355 458 quae

88 452 165 492 dixi
179 453 225 492 ad
236 453 402 496 Merced.
418 454 543 494 Cond.
559 468 591 494 c.
615 469 676 502 24.
693 456 765 494 Vel
781 458 932 508 postus,
952 457 1078 511 (quod
1097 459 1169 498 illic
1182 461 1356 500 nondum

87 505 334 560 resciveram)
351 507 564 548 Hemsterh.
579 510 624 548 ad
642 509 745 548 Dial.
763 511 949 550 Mort.Vl
961 541 972 557 ‚
989 511 1005 560 §
1025 525 1058 564 3.
1087 511 1227 551 ΚΕΗ-Ζ.

144 562 216 599 ead.
230 561 254 598 l.
267 573 282 598 1
294 575 308 599 1
318 590 326 599 .
342 560 515 612 Καθάπερ
526 561 558 600 οἱ·
573 562 802 614 Βραχμᾶνες
814 585 858 593 -
876 566 1042 604 Κάλανον
1059 565 1254 617 καόμενον)
1266 565 1352 605 Cic.

89 612 208 656 Tusc,
223 613 275 654 D.
294 615 350 662 V,
372 627 404 654 c.
423 627 494 664 27:
521 617 619 666 Quae
643 617 800 655 barbaria
822 617 922 656 India
935 619 1060 670 vastior
1081 631 1142 657 aut
1163 621 1317 671 agrestior·
1334 623 1354 658 ἓ

89 666 135 706 In
153 683 192 706 ea
215 679 326 707 tamen
339 680 434 719 gente
453 669 596 720 primum
608 671 638 707 ei
651 699 662 716 ‚
686 671 744 722 qui
753 671 919 723 sapientes
941 672 1126 718 habentur,
1145 669 1228 710 nudi
1246 685 1348 711 aeta-

91 731 156 759 tem
167 732 292 775 agunt,
313 721 348 760 G·
363 723 506 773 Caucafi
517 724 611 761 nives
627 724 858 776 hiemalemque
871 726 938 764 vim
945 725 1117 777 perferunt
1121 728 1196 777 fine
1213 726 1323 766 dolore
1335 742 1351 773 ;

90 788 229 828 cumque
239 777 289 813 ad
290 775 511 826 flammamft
524 776 797 828 applicaverunt,
805 779 880 828 fine
891 780 1012 830 gemitu
1025 782 1223 819 aduruntur.
1244 780 1353 819 Con-

87 825 170 867 sule
185 828 236 866 ibi
251 827 383 867 Davis.
399 841 435 881 p.
453 831 542 881 360,
561 831 625 882 qui
639 831 680 871 δι
693 831 821 870 Valet.
836 831 942 870 Max.
955 832 1008 870 lll
1021 863 1033 880 ,
1050 847 1088 884 3,
1102 834 1125 872 6
1139 845 1213 872 ext.
1227 833 1267 872 δε
1282 835 1355 872 Lu-

92 881 191 921 ciani
205 882 305 922 hunc
315 881 444 921 locum
455 913 469 929 ,
487 884 574 922 item
587 884 632 922 de
643 884 764 936 Fugit.
778 897 812 923 c.
825 885 864 933 6,
878 897 923 925 ac
939 885 1123 926 Plutarch.
1137 886 1185 926 T.
1200 887 1232 925 11
1248 917 1258 932 ,
1269 900 1352 939 pag.

89 946 194 986 499,
212 947 300 975 cum
325 934 486 976 Philone
514 949 600 990 pag.
616 937 718 986 680,
742 936 913 991 aliosque
937 938 1067 978 fimilia
1084 939 1355 980 confirmantes

93 989 254 1029 adducit.
283 988 429 1030 Rem.

145 1044 219 1083 ead.
232 1043 255 1083 l.
275 1055 334 1082 12.
347 1041 589 1096 Βραχμᾶνες)
600 1044 664 1084 De
672 1043 823 1084 Calano
838 1045 939 1091 vide,
951 1046 1040 1097 quid
1054 1045 1194 1086 Cicero
1207 1046 1356 1099 scripse-

91 1094 142 1135 iit
155 1095 272 1136 Tusc.
287 1096 346 1143 11,
359 1110 423 1142 21,
437 1097 478 1136 δι
493 1096 641 1136 Davisii
656 1110 738 1137 not.
755 1098 796 1138 δι
810 1099 855 1137 de
875 1096 1122 1139 Brachmanis
1134 1113 1167 1140 c.
1186 1115 1245 1146 27.
1274 1101 1356 1139 Ad-

92 1149 140 1189 de
153 1149 194 1189 &
209 1157 332 1202 Δροιπ.
347 1163 431 1203 cap.
445 1164 482 1200 7.
500 1151 605 1204 Magi
617 1163 745 1191 autem
757 1181 771 1198 ,
796 1164 840 1191 ut
856 1153 890 1190 id
905 1153 1030 1192 obiter
1047 1166 1221 1192 moneam
1237 1185 1249 1202 ‚
1264 1167 1355 1192 cum

91 1202 340 1244 Brachmanis
366 1206 522 1244 minime
549 1206 770 1245 lentiebant.
802 1207 892 1246 Vid.
923 1206 1055 1246 Iambl.
1083 1207 1117 1246 N
1123 1207 1157 1246 ⁰.
1192 1221 1205 1245 1
1218 1220 1264 1260 54
1276 1237 1287 1253 ,
1314 1207 1355 1247 &

93 1254 213 1309 Diog.
228 1257 355 1298 Laert.
369 1272 392 1297 2
405 1257 456 1297 D.
487 1256 646 1298 Somn.

147 1310 226 1350 ibid„
243 1311 405 1351 Ἐκείνοις
419 1314 499 1365 γὰρ
517 1310 650 1351 ἑαυτὴν
675 1309 775 1364 ιἰξίου
793 1313 984 1365 Θεαγένης
1001 1312 1178 1364 εἰκάζειν)
1204 1313 1353 1353 Falsum

93 1362 162 1404 est.
188 1364 325 1418 Neque
338 1365 440 1405 enim
465 1364 500 1404 se
514 1365 740 1418 Theagenes
761 1379 848 1405 cum
872 1366 1042 1405 Hercule
1066 1367 1105 1404 &
1124 1366 1356 1418 Aesculapio

94 1419 365 1469 comparavit,
388 1417 448 1458 sed
469 1417 714 1485 Peregrinum
728 1450 741 1467 ,
765 1420 870 1472 quod
891 1431 937 1457 ex
957 1418 1216 1471 superioribus
1238 1431 1356 1472 patet.

95 1471 264 1512 Emenda
285 1471 430 1512 ἐκείνοις
445 1474 523 1525 ’γὰρ
538 1474 660 1513 αυτόν.
683 1473 945 1525 Interpolator
961 1486 1038 1511 non
1055 1474 1222 1518 viderat,
1242 1475 1358 1512 inter-

97 1536 322 1580 pretemque
336 1538 561 1578 corruperat
573 1557 585 1573 ‚
609 1539 630 1566 a
645 1539 724 1579 quo
741 1527 799 1565 hic
813 1527 920 1566 locus
934 1526 985 1565 ita
997 1525 1119 1565 fuerat
1133 1526 1359 1573 conversus,

96 1580 170 1618 illis
191 1580 275 1619 enim
283 1591 526 1632 praeceptorem
535 1580 638 1632 fuum
654 1581 830 1633 affimilare
851 1580 1030 1619 contendit.
1056 1580 1085 1619 F
1090 1591 1209 1619 ABER.

150 1634 231 1672 ibid.
245 1631 395 1673 Ἑαυτὸν
417 1633 536 1686 ἠξίου)
567 1630 681 1675 Αὐτὸν
704 1634 938 1674 scribendum
965 1634 1130 1679 videtur,
1151 1634 1174 1672 i.
1187 1645 1221 1673 e.
1246 1632 1356 1673 Pere-

96 1686 263 1740 gtinum.
288 1686 457 1728 GUYET.
968 1722 971 1724 a

154 1743 230 1779 ead.
246 1741 270 1780 l.
289 1754 304 1779 1
316 1753 348 1791 5.
361 1740 630 1792 Ὀνησίκριτος)
646 1740 683 1780 Is
699 1739 774 1787 est,
792 1752 907 1793 quem
924 1740 962 1778 in
978 1739 1047 1779 hac
1063 1739 1283 1779 narratione
1301 1739 1357 1779 se-

98 1805 218 1834 cutus
229 1793 284 1833 est
303 1793 532 1834 Plutarchus
550 1794 590 1834 &
603 1794 741 1833 Strabo
760 1795 799 1832 in
813 1794 903 1835 XV.
921 1794 1038 1846 Quae
1057 1794 1157 1832 enim
1174 1793 1221 1832 ab
1237 1794 1302 1832 illo
1319 1795 1357 1832 in

99 1848 180 1887 vita
194 1848 406 1890 Alexandri
423 1849 469 1889 de
481 1847 630 1887 Calano
642 1848 738 1887 Indo
753 1847 890 1899 scripta
904 1846 1027 1895 fuere,
1048 1848 1102 1886 his
1115 1848 1225 1900 plane
1243 1847 1359 1886 ἀδελ-

102 1903 163 1953 φὲι
177 1901 272 1941 sunt.
293 1901 372 1941 Erit
386 1903 516 1954 itaque
529 1914 669 1954 operae
687 1902 847 1953 pretium
871 1900 1002 1940 locum
1018 1900 1136 1952 ipsum
1151 1913 1358 1952 apponere.

102 1953 239 1995 Ταῦτα
251 1954 298 1995 ἑὲ
308 1955 435 2000 εἰπὼν,
453 1956 715 2004 κατακλιθεὶς,
730 1955 794 1994 καὶ
813 1955 1178 2007 συγκαλυψάμενος,
1201 1949 1263 1992 οὐκ
1285 1955 1360 1993 ἐκι-

104 2006 184 2050 νήθη
195 2007 262 2048 τοῦ
281 2013 392 2061 πυρὶις
404 2010 708 2054 πλησιάσαντος,
732 2008 823 2047 ἀλλ’
841 2008 874 2047 ἐν
888 2004 915 2057 ᾧ
929 2008 1128 2047 κατεκλίθη
1149 2008 1334 2058 σχήματι
1345 2036 1358 2054 ,

102 2060 216 2102 τοῦτο
230 2061 415 2114 διατηρῶν
431 2062 558 2103 διε.Ιά
573 2062 626 2102 est
637 2093 650 2111 ,
666 2063 721 2102 lta
732 2078 806 2102 cum
818 2062 897 2114 ‘ffi'f
908 2062 1054 2109 locutus,
1075 2062 1244 2106 decubuit,
1256 2061 1359 2114 seque

104 2116 255 2168 operuit,
274 2132 394 2170 neque,
410 2118 699 2169 appropinquante
715 2117 805 2168 igne,
815 2115 890 2167 sese
908 2116 1015 2154 movit
1026 2145 1038 2162 ‚
1051 2115 1116 2166 fid
1134 2130 1205 2153 eum
1216 2116 1359 2166 servans

106 2170 273 2218 habitum,
294 2186 360 2224 quo
373 2173 572 2211 decubuerat
584 2169 660 2210 διε.
672 2183 790 2222 quem
808 2169 997 2209 Plutarchi
1010 2169 1139 2208 locum
1156 2168 1183 2206 fi
1196 2169 1281 2220 quis
1304 2168 1362 2206 di-

103 2223 264 2277 ligenter
275 2224 525 2265 confiderabit
535 2255 546 2272 ,
560 2223 667 2264 facile
684 2225 718 2263 ei
729 2222 844 2262 fuerit
854 2223 1083 2274 intelligere,
1097 2222 1190 2274 quid
1205 2222 1270 2261 fibi
1285 2221 1362 2260 hoc

107 2277 268 2318 Luciani
284 2278 376 2320 velit
386 2309 399 2325 ,
413 2281 521 2317 κατὰ
534 2276 677 2331 σχῆμα
691 2277 862 2317 καίονται
873 2307 886 2322 ,
902 2277 1007 2328 quod
1027 2276 1223 2328 ignoravit
1241 2275 1361 2313 inter-

102 2332 288 2384 polat0r,
309 2345 407 2373 cum,
419 2331 714 2383 sctipfitr‚‚deinde
733 2332 845 2371 ordine
866 2330 1041 2381 dignitatis
1058 2331 1189 2380 ingreffi'
1208 2340 1361 2366 uruntur.

109 2386 166 2424 At
178 2397 257 2425 non
271 2387 324 2425 ita
338 2386 564 2426 vertendum
578 2384 722 2434 fuerat,
735 2383 795 2424 sed
806 2414 818 2430 ‚
830 2395 1018 2424 cremantur
1028 2380 1153 2422 in'zmoti
1172 2383 1206 2421 6·
1218 2382 1363 2434 corporis

109 2439 227 2478 habitu
235 2440 372 2492 servato
382 2455 399 2488 ;
420 2440 525 2491 quod
538 2438 726 2479 Plutarch.
738 2439 831 2477 dixit
844 2438 890 2477 de
900 2437 1070 2482 Galam,
1087 2436 1124 2475 ἑν
1144 2433 1171 2485 ξὶἷ
1188 2434 1365 2473 κατεκλί-

108 2495 159 2535 θη
172 2489 372 2548 σχήματι,
382 2491 492 2536 τοῦτο
512 2492 712 2547 ὃιοιτιιρῶν.
736 2491 807 2534 Sed
823 2491 975 2545 nequis
990 2490 1148 2584 {ffbi‘et’
1160 2487 1365 2530 adscribam

1051 2556 1071 2581 Π
1106 2558 1123 2595 3
