1783 3403
151 237 223 284 IN
245 236 530 285 CALUMN.
547 235 690 285 NON
711 237 964 286 TEMERE
986 239 1166 292 CRED.
1223 260 1314 310 415

54 327 157 368 hunc
172 327 443 368 Demosthenis
455 328 478 367 1.
498 327 666 368 habuisse
684 328 851 377 videtur,
864 345 908 369 π.
924 343 1039 380 στεφ.
1055 332 1155 371 circa
1170 332 1319 374 initium

53 396 90 434 p.
98 380 291 434 fed.Wolf.
307 395 381 434 473
397 394 404 420 :
422 383 534 432 φύσει
549 381 672 422 πᾶσιν
684 382 878 433 ἀνθρώποις
892 381 1063 437 ὑπάρχει
1078 385 1151 425 τῶν
1161 382 1230 435 μὲν
1241 400 1318 426 Λοι-

51 433 179 487 ἒοριὲὖν
205 434 362 474 καὶτῶν
387 435 622 488 κατηγοριῶν
648 434 790 477 ἀκούειν
814 434 947 483 iidem,
964 439 1043 477 τοῖς
1069 438 1261 478 ἐπαινοῦσι
1278 440 1316 480 «3⁰

51 485 191 528 αὐτοὺς
212 487 419 542 ἄχθεα-ὃσα.
436 489 559 529 Tacit.
578 488 670 528 Hist.
692 489 732 536 I,
758 504 771 528 1
789 506 797 530 τ
821 490 1026 531 Obtrec‘latio
1048 491 1083 529 δ’
1099 493 1187 531 livor
1196 495 1317 546 pronis

50 543 192 582 auribus
216 543 443 596 accipiamur.
469 542 627 582 SOLAN.
645 543 714 581 Ka.)
736 546 826 595 πρὸς
847 546 921 582 τὰς
942 546 1181 599 λεγομένοις)
1200 547 1318 589 Hunc

50 594 181 636 locum
196 595 270 636 effe
283 607 510 649 corruptum
524 627 535 643 ‚
557 595 634 648 ipsa
652 595 803 649 infignis
816 598 980 637 varietas
999 599 1150 638 indicat.
1171 601 1258 640 Ald.
1281 617 1316 642 2.

49 647 124 698 fic,
144 647 309 700 ἧὸόμεθοι
323 649 484 695 πάντες,
506 648 672 700 λαθρηδὰ,
693 651 758 689 καὶ
780 653 870 701 πρὸς
881 653 955 691 τὰς
975 651 1143 704 λαθρηδὰ
1155 656 1318 707 Λεγομέ-

50 717 118 743 νοις
130 703 195 742 καὶ
206 705 361 753 μεστὰς
373 701 546 742 ὑπονοίας
559 703 688 742 ἀκοάς.
700 704 811 744 Hanc
824 705 1025 744 lectionem
1039 706 1192 747 exhibet
1204 709 1317 748 etiam

49 756 108 796 Io.
129 756 324 804 Caselius,
343 757 409 809 qui
435 755 630 809 separatim
655 757 757 797 hunc
782 757 951 797 libellum
973 759 1072 798 dedit
1096 760 1318 802 Helmstadii

54 823 176 862 1594,
195 826 232 860 4.
253 811 381 850 Vertit
406 822 536 849 autem
563 824 667 850 anno
692 812 873 862 proximo
893 812 964 852 fic:
985 813 1108 866 Nescio
1129 815 1235 861 enim,
1257 818 1317 868 qui

39 866 134 917 fiat,
151 876 191 904 ut
212 880 324 904 omnes
338 865 547 917 clandestinis
555 864 764 916 sermonibus
784 866 980 919 capiamur,
1005 868 1039 906 δ’
1054 868 1153 906 avide
1172 870 1316 922 arripia-

51 934 140 965 mus,
163 933 376 971 quaecunque
391 918 623 970 suspicionum
645 919 750 970 plena
775 921 818 958 ab
844 921 924 959 aliis
945 921 1212 972 insusurrantur.
1233 925 1316 964 Me-

47 971 258 1012 lanchthon
276 971 537 1011 transtulerat:
554 972 677 1024 Nescio
705 973 810 1020 enim,
828 975 886 1026 qui
906 974 975 1024 fit,
1001 988 1039 1013 ut
1069 991 1180 1014 omnes
1202 993 1315 1017 amore

41 1025 104 1078 sui
129 1026 305 1066 immodico
341 1026 520 1066 admiratio
542 1025 666 1078 fiaertim
695 1027 809 1079 rapiat
823 1055 834 1074 ‚
855 1028 890 1066 δ’
908 1027 1159 1079 fiispiciorzibus
1188 1031 1315 1074 illec‘Iet.

48 1078 295 1120 Benedictus:
323 1080 445 1133 Nescio
469 1095 534 1133 quo
551 1082 652 1133 pac‘Io
670 1083 852 1132 gaudemus
877 1097 989 1121 omnes
1007 1083 1218 1131 clanculum,
1238 1101 1313 1125 cum

41 1134 167 1187 plenas
174 1133 365 1187 fiispicione
383 1136 564 1173 delationes
589 1134 784 1187 accipimus.
798 1134 951 1175 Scilicet
975 1138 1070 1176 certi
1093 1138 1184 1190 quid
1201 1149 1314 1191 negat

45 1198 276 1228 contextum
289 1187 466 1228 Graecae
483 1188 678 1242 orationis.
693 1189 869 1228 varietas
886 1190 948 1229 illa
968 1200 1074 1239 orta,
1094 1189 1163 1230 nifi
1187 1191 1315 1241 fallor,

43 1253 94 1281 ex
111 1254 194 1295 quo
214 1245 259 1282 το
279 1238 339 1282 οὖς
364 1242 426 1281 vel
451 1242 487 1282 τ’
501 1243 559 1281 οῦς
581 1243 677 1281 adeo
698 1241 860 1282 obscure
880 1242 1057 1295 scriptum
1070 1274 1083 1290 ‚
1107 1244 1252 1285 transiit
1273 1248 1312 1287 in

42 1295 130 1335 τάς.
146 1295 295 1349 Nempe
309 1295 445 1336 dediffe
459 1307 554 1346 puto
567 1325 578 1341 ,
600 1295 664 1335 vel
687 1295 736 1334 ita
747 1325 761 1341 ,
780 1296 844 1336 vel
858 1309 937 1336 non
953 1297 1076 1337 multo
1092 1298 1211 1346 aliter,
1234 1300 1314 1339 Lu·

48 1348 201 1404 cianym
213 1380 225 1396 ‚
248 1344 299 1389 Οὖ
313 1352 393 1404 ’γὰρ
412 1346 483 1390 oTs'
500 1349 600 1389 ὅπως
623 1347 785 1399 ἧὸόμεθοι
799 1350 945 1390 πάντες
960 1350 1130 1404 λαθρηδὰ
1143 1353 1208 1391 καὶ
1221 1357 1312 1404 πρὸς

43 1401 83 1442 τ’
103 1404 162 1443 οῦς
180 1404 373 1457 λεγόμενοι
387 1433 399 1453 ,
417 1403 482 1442 noe}
499 1404 633 1453 μεστὰ
651 1401 825 1443 ὑπονοίας
850 1402 1060 1445 ἀκούοντες.
1084 1404 1212 1446 GESN.
1227 1407 1312 1447 Vix

42 1456 137 1496 mihi
155 1453 351 1510 tempero',
365 1458 462 1511 quin
474 1457 603 1497 Solani
619 1458 927 1498 emendationem
949 1458 985 1497 in
1001 1470 1227 1499 contextum
1249 1474 1310 1501 re-

39 1510 205 1563 cipiam;
227 1524 272 1551 ac
297 1511 434 1558 miror,
458 1524 528 1551 cur
552 1511 598 1551 ad
619 1509 920 1551 confirmandam
947 1511 1054 1552 suam
1082 1512 1308 1554 sententiam

39 1577 123 1604 non
146 1565 349 1613 addiderit,
366 1565 689 1621 idemnoccurrete
710 1565 818 1618 supra
839 1579 923 1619 cap.
949 1580 971 1606 2
987 1598 998 1616 ,
1022 1566 1085 1606 κοιὶ
1106 1567 1195 1620 παρ’
1221 1567 1307 1609 ’ὅλον

38 1622 83 1658 τὸ
108 1617 257 1659 ἓεῖπνον
272 1622 361 1671 πρὸς
384 1623 429 1659 τὸ
450 1620 510 1659 οὓς
531 1617 637 1668 αὐτῷ
656 1619 984 1673 κοινολογούμενον.
1006 1619 1188 1675 Cumque
1213 1621 1307 1663 Ges·

38 1684 136 1713 nero
149 1673 280 1713 eadem
293 1673 509 1714 emendatio
522 1674 560 1712 in
575 1685 739 1713 mentem
754 1675 922 1723 venerit,
936 1673 1001 1714 iste
1013 1674 1216 1716 consensus
1229 1689 1309 1717 ma-

37 1739 160 1779 gnum
177 1728 346 1783 verjtatis
369 1727 566 1767 indicium.
588 1727 750 1768 Proinde
774 1728 886 1780 igitur
907 1728 1041 1768 habeat
1064 1729 1200 1779 leaor,
1216 1743 1261 1770 ac
1277 1731 1305 1771 fi

37 1782 128 1832 πρὸς
149 1784 194 1820 τὸ
215 1783 276 1821 οὺς
299 1785 490 1836 λεγόμενοι
515 1782 579 1820 καὶ
598 1783 733 1832 μεστὰ
757 1782 815 1821 edi
838 1781 1019 1822 curassem
1034 1813 1045 1832 ‚
1065 1796 1304 1837 quamquam

36 1847 260 1887 corruptam
280 1835 484 1875 lectionem
499 1847 657 1888 propter
671 1835 878 1876 nonnullos
891 1837 1055 1886 retinui,
1079 1838 1168 1890 quia
1182 1838 1221 1877 in
1241 1839 1306 1878 tri·

36 1888 111 1928 bus
126 1890 254 1929 verbis
268 1890 410 1942 aliquid
426 1891 653 1944 mutandum
667 1902 746 1929 erat
759 1904 771 1936 ;
790 1891 895 1943 quod
909 1903 969 1930 me
984 1903 1112 1930 tamen
1126 1904 1206 1931 non
1221 1906 1305 1933 mo.

36 1954 210 1983 raretur:
235 1956 324 1983 nam
349 1956 436 1983 cum
452 1947 495 1982 τὸ
521 1945 584 1983 οὺς
610 1944 674 1984 vel
699 1938 785 1983 τοῗῖς
813 1943 923 1984 semel
949 1944 1129 1985 tranfiffet
1151 1946 1191 1984 in
1213 1948 1304 1996 τὰς,

36 1997 127 2050 quid
143 1997 282 2037 mirum
297 2027 308 2045 ,
327 1996 527 2049 sequentes
549 1998 722 2037 librarios
740 1998 853 2037 etiam
873 2011 994 2051 genus
1017 1998 1300 2041 adieekivorum

36 2052 84 2091 ad
99 2051 136 2090 id
150 2051 479 2091 accommodando
493 2049 727 2104 corrupisse?
749 2052 894 2093 Rmz.

21 2128 41 2163 Ι
89 2105 169 2145 ibid.
185 2107 344 2146 Μεστόις
359 2103 444 2158 ὑπ.)
459 2104 616 2146 Gnome
631 2106 703 2146 Gr.
718 2105 892 2146 Ὕπὸνοιοι
909 2105 1029 2147 sembra
1048 2107 1153 2148 ἐστιν
1171 2107 1298 2161 ἀνθρώ-

36 2174 124 2199 ποις
143 2161 272 2199 κακόν.
286 2159 442 2214 Suspicio
457 2173 560 2211 grave
572 2162 614 2214 ⁶st
628 2161 817 2200 hominibus
834 2162 974 2200 malum.
996 2162 1115 2210 Vide,
1129 2175 1229 2214 quae
1247 2163 1298 2203 ad

38 2227 121 2267 cap.
140 2228 174 2266 3.
193 2213 232 2253 P.
247 2214 391 2266 Syrus:
407 2216 471 2253 Ad
486 2215 602 2266 tristem
612 2228 741 2267 partem
754 2217 890 2267 strenua
903 2214 1112 2269 estfiispiciO.
1128 2216 1271 2257 TOLL.

89 2269 163 2306 ead.
178 2268 201 2306 l.
218 2281 255 2320 9.
267 2267 487 2321 “rotovoiaes)
512 2268 633 2308 Re&e
654 2269 770 2320 igitur
785 2268 924 2309 Seneca
941 2270 978 2308 in
994 2271 1072 2309 irae
1090 2270 1300 2311 devitatio-

36 2334 86 2361 ne
109 2334 265 2368 monet,
286 2323 465 2362 tollendam
484 2338 527 2361 ex
544 2323 658 2362 animo
667 2323 893 2376 suspicionem
913 2324 948 2362 6³
969 2324 1203 2373 conieelumm,
1215 2323 1298 2377 fial-

34 2376 196 2428 laczffima
213 2377 422 2416 irritamenta
431 2391 448 2423 ,·
466 2376 531 2415 lib.
555 2378 600 2416 de
622 2377 680 2416 Ira
692 2405 704 2424 ‚
729 2390 810 2430 cap.
834 2392 897 2426 24.
915 2377 1014 2416 Idem
1038 2378 1100 2418 lib.
1115 2377 1190 2426 Ill,
1209 2391 1296 2431 cap.

40 2441 90 2482 30
105 2442 115 2469 ε
136 2432 169 2469 T
166 2445 285 2470 aurum
298 2431 392 2471 color
402 2431 606 2470 rubicundus
620 2432 766 2470 excitat.-
781 2434 830 2470 ad
847 2433 997 2471 umbram
1016 2431 1111 2485 aspis
1124 2431 1296 2484 exficrgit:

34 2483 132 2536 ursos
145 2484 312 2537 koneffiue
329 2499 456 2538 mappa
466 2485 622 2538 proritat.
642 2486 770 2524 Omnia
783 2515 793 2531 ,
811 2501 898 2539 quae
909 2499 1036 2524 natura
1042 2485 1124 2537 ftra
1144 2502 1186 2525 ac
1200 2487 1295 2526 rabi-

34 2541 82 2579 da
90 2537 200 2591 fitne,
222 2541 470 2593 consternantur
481 2541 530 2579 ad
542 2554 648 2581 vana.
665 2539 755 2579 Idem
776 2539 931 2594 inquietis
949 2541 984 2579 δ’
995 2540 1129 2593 stolidis
1153 2542 1295 2593 ingeniis
