1783 3403
431 137 518 184 IN
564 137 1055 187 FUGITtvos.
1287 162 1370 210 593

110 223 284 282 strosque
303 225 379 269 effe
401 228 623 268 dixerimus.
647 227 720 267 Iam
739 230 836 268 modo
852 227 1029 279 faciamus
1040 232 1282 282 praeconium!
1304 236 1376 276 Fa·

107 283 164 322 cit
186 282 318 321 deinde
343 282 590 334 praeconium
613 282 839 321 Mercurius.
869 283 972 335 Quo
997 283 1099 323 facto
1120 285 1267 337 fugitivi
1287 290 1376 341 Epi·
1435 296 1437 299 '

107 336 198 375 &eti
219 334 297 387 (sic
321 336 421 375 enirn
447 335 532 374 licet
559 336 710 374 interim
739 336 889 388 dicere)
913 337 1118 384 dominus,
1143 342 1209 391 qui
1229 341 1284 383 est
1309 345 1374 382 in-

108 400 168 428 ter
186 388 271 427 illos
284 389 392 428 viros
405 419 417 437 ,
435 398 546 440 negat
565 387 602 428 se
621 401 668 427 ex
686 389 760 428 hoc
780 392 987 440 praeconio
1003 391 1216 444 intelligere
1231 424 1240 440 ,
1262 395 1373 436 suum

107 442 264 481 servum
286 444 389 494 peti,
415 442 455 480 δι
478 443 592 494 longe
613 442 719 481 illum
745 442 852 482 aliter
870 443 1051 484 describit.
1074 446 1224 498 Nempe
1247 448 1373 501 legen-

106 495 198 534 dum
224 507 321 547 puto
337 499 481 535 ΔΕΣΠ.
499 495 550 533 Οὐ
569 493 654 543 νοῶ,
675 490 794 543 οὗτος,
818 496 836 534 ὃ
861 497 1069 549 κηρύττεις·
1095 498 1156 538 sed
1178 501 1373 543 reducitur

105 548 146 588 in
167 549 269 587 viam
292 561 315 588 a
334 547 576 600 Philosophia
591 580 603 598 ,
622 561 720 600 quae
737 549 904 589 eundem
928 550 1002 590 effe
1026 552 1242 600 hominem,
1264 555 1371 595 illum

105 604 231 642 docet.
252 601 449 642 Exclamat
470 603 609 649 herus,
630 601 672 641 δι
693 603 851 642 miratur
870 602 1053 644 Canthari
1073 604 1127 645 sui
1156 607 1366 649 audaciam.

106 654 181 695 Sed
201 655 338 708 reliqui
351 656 452 702 viri,
477 655 592 708 ipsius
614 657 786 703 comites,
807 658 952 696 bonum
978 658 1182 699 success'um
1204 660 1289 701 suae
1312 662 1370 701 in·

81 701 87 715 ¹
105 708 300 760 quifitioni
321 709 406 748 inde
431 710 672 761 pollicentur,
693 711 797 762 quod
810 709 1050 764 Philosophia
1069 715 1268 765 negotium
1294 716 1369 757 hoc

104 759 301 813 intelligat.
324 759 459 815 ltaque
480 774 567 802 ante
586 763 725 810 verba,
744 764 880 813 ἀμέλει
905 762 1092 804 ἅπαντας
1109 765 1370 818 ἀνευρήσομεν,

102 814 307 869 personam
338 816 506 855 ΑΝΔΡῶν
532 817 747 869 ponendam
784 818 963 857 arbitror.
1004 819 1114 858 Hanc
1146 819 1367 862 sententiam

104 868 274 908 nostram
293 870 601 922 interpretationi
622 871 789 909 intexere
802 883 881 910 non
896 872 1170 920 dubitavimus,
1193 877 1270 914 non
1287 890 1368 927 quo

102 921 274 962 libellum
298 923 349 966 ita
378 924 610 976 interpolare
634 925 857 971 audeamus,
888 923 965 964 sine
993 927 1219 966 auctoritate
1241 928 1368 968 Codi-

103 975 293 1024 cum3sed
313 977 418 1028 quod
433 977 484 1016 ita
501 978 634 1017 melius
655 977 810 1028 intelligi
828 991 917 1018 eum
938 991 1129 1030 putamus.
1151 980 1234 1032 Qui
1250 982 1368 1023 Grae·

101 1041 148 1069 ca
172 1028 324 1083 poffunt
347 1030 548 1079 conferre,
576 1031 645 1070 illis
666 1030 788 1070 fraudi
803 1043 881 1070 non
904 1034 974 1072 erit
990 1033 1081 1072 haec
1103 1037 1229 1073 nostra
1252 1035 1366 1075 licen-

103 1083 179 1123 tia:
205 1096 321 1137 quam
347 1085 532 1136 pudenter
556 1084 738 1132 sumtam,
762 1086 817 1124 uti
840 1086 1162 1136 demonstremus,
1189 1087 1365 1140 superest.

101 1135 255 1189 Nempe
287 1137 407 1188 prima
430 1141 509 1178 duo
533 1138 720 1177 elementa
742 1139 906 1178 nominis
932 1137 1073 1192 Ἑρμῆς,
1103 1144 1159 1179 ΕΡ.
1187 1143 1366 1183 coaluisse

101 1189 259 1242 possunt
276 1203 364 1231 cum
391 1190 507 1231 literis
533 1206 591 1238 ει,
613 1204 634 1230 a
688 1192 798 1231 uibus
819 1194 953 1244 incipit
975 1194 1136 1233 εἴσεσθε·
1170 1206 1212 1233 ut
1235 1195 1365 1248 saepis-

100 1242 196 1284 sime·
212 1244 344 1284 literae
362 1245 419 1284 bis
441 1247 640 1298 ponendae
655 1205 768 1285 (qemel
783 1247 1028 1285 omittuntur.
1046 1245 1108 1286 De
1128 1247 1282 1301 reliquis
1296 1250 1364 1290 suo

100 1297 204 1338 loco.
230 1298 361 1339 Gtsu.

157 1352 248 1404 Pag.
269 1351 356 1405 328.
377 1352 403 1390 l.
419 1365 454 1390 2.
476 1350 532 1390 Ἐν
553 1350 636 1404 χρῷ
654 1349 820 1405 κουρίαν)
846 1350 1145 1392 Emendavimus
1171 1366 1281 1393 antea
1306 1357 1363 1394 in-

100 1406 416 1457 terpretationem
439 1405 556 1444 huius
583 1407 672 1445 loci.
697 1406 871 1445 Bounn.
899 1407 936 1444 A
959 1406 1200 1446 nominativo
1224 1409 1258 1447 ἐν
1282 1409 1364 1462 χρᾷ

101 1458 261 1511 κουρίας.
283 1457 453 1499 GUYET.
485 1458 669 1499 Occurrit
689 1471 765 1497 tam
789 1459 1007 1512 frequenter
1027 1461 1128 1512 apud
1155 1462 1364 1512 Nostrum,

101 1524 147 1553 ut
166 1513 267 1560 hoc,
286 1514 427 1553 nedum
452 1513 589 1566 plura,
614 1514 748 1552 addere
770 1514 905 1566 pigeat.
934 1512 1079 1552 Retrz.

154 1568 230 1606 ead.
252 1568 275 1606 l.
293 1582 329 1613 4.
355 1566 606 1621 AoisopoQTb
627 1564 831 1616 αὐτόνομον
858 1565 941 1619 post
959 1572 1003 1606 'rb
1025 1566 1184 1618 Ᾰοῐέορον
1211 1567 1363 1609 subiun-

100 1623 268 1675 gendum
287 1621 446 1660 videtur.
466 1621 655 1672 Interpres
677 1621 728 1659 ita
752 1620 875 1672 legiffe
899 1622 1062 1660 videtur.
1086 1620 1254 1660 GuYfiT.

153 1674 236 1714 ibid.
260 1674 412 1714 Μηνύειν
437 1673 503 1713 ἐπὶ
530 1673 625 1724 ῥητῷ
645 1671 854 1727 αὐτονόμῳ)
878 1673 1007 1713 Primo
1031 1676 1218 1713 notandus
1237 1674 1363 1715 infini-

99 1727 233 1774 tivus,
263 1741 336 1780 pro
360 1729 591 1781 imperativo
615 1729 707 1779 poni
737 1729 826 1766 alias
850 1728 964 1767 etiam
994 1727 1139 1767 solitus.
1174 1729 1262 1767 Vid.
1286 1730 1363 1769 Le·

99 1781 206 1835 xiph.
227 1783 344 1833 princ.
371 1782 408 1820 in
436 1781 615 1821 herilibus
635 1782 681 1820 ad
703 1775 856 1820 serium
881 1782 1048 1833 imperiis
1074 1794 1157 1834 cap.
1182 1796 1201 1820 2
1223 1781 1298 1834 seq.
1321 1785 1363 1823 it.

100 1848 167 1889 c.3
189 1847 284 1875 extr.
312 1835 461 1875 Deinde
485 1836 695 1874 verborum
723 1835 787 1873 ἐπὶ
808 1834 906 1886 ῥητῷ
929 1832 1120 1885 αὐτονόμῳ
1147 1836 1242 1875 hanc
1267 1848 1363 1888 puto

99 1888 349 1937 sententiam,
375 1902 491 1942 quam
519 1890 656 1928 indicat
685 1887 836 1928 verfi0:
870 1889 1105 1941 promittitur
1130 1890 1363 1940 generatim,

101 1955 349 1997 accepturum
383 1943 568 1990 indicem,
593 1943 775 1996 quidquid
801 1941 876 1993 ipse
901 1943 1100 1993 stipulatus
1127 1942 1191 1982 fibi
1220 1941 1359 1983 fuerit:

99 1996 230 2051 ῥητον,
261 1997 308 2036 de
334 2009 414 2049 quo
440 1997 582 2037 dicium
609 1997 669 2036 vel
697 1995 915 2036 condictum
940 1996 993 2035 est
1028 1997 1177 2048 potius:
1206 1995 1361 2042 αὐτόνο-

98 2065 169 2103 μον
183 2081 196 2100 ,
221 2051 329 2104 quod
351 2053 390 2090 in
410 2051 596 2103 potestate
617 2050 681 2090 vel
702 2049 770 2088 sub
794 2051 877 2102 lege
900 2049 1009 2101 quasi
1033 2051 1159 2089 nostra
1182 2050 1247 2089 est.
1272 2050 1363 2091 Pro-

100 2105 167 2145 bat
197 2105 295 2145 banc
318 2106 669 2157 interpretationem
697 2116 861 2143 eventus
884 2104 922 2142 in
945 2102 1120 2155 Orpheo.
1149 2103 1278 2144 GEsN.

155 2158 237 2198 ibid.
252 2158 333 2198 ’Em-3
355 2158 455 2211 ῥητῷ
474 2155 690 2211 αὗτονὸμῳ)
716 2157 788 2196 Pro
811 2152 1003 2208 αὐτονόμῳ
1023 2158 1221 2210 legendum
1247 2158 1364 2209 μηνύ-

101 2226 187 2265 τρῳ.
208 2212 345 2258 Aliter,
370 2214 436 2264 qui
459 2212 515 2260 fit,
535 2225 577 2251 ut
598 2225 689 2252 mox
699 2208 876 2263 ”Ορφευς,
902 2211 1009 2264 quasi
1024 2212 1161 2250 dietum
1183 2210 1364 2263 arripiat?

101 2265 254 2306 Deinde
274 2266 364 2305 nihil
391 2267 454 2306 hic
484 2263 707 2317 αὐτόνομον,
736 2267 803 2304 nih
824 2265 924 2305 sorte
949 2265 1073 2318 legere
1098 2265 1204 2305 malis
1223 2265 1276 2316 τῷ
1296 2263 1364 2305 τοῦ

103 2320 225 2371 νόμον.
247 2320 404 2360 SOLAN.

164 2378 240 2412 ead.
267 2376 289 2412 l.
316 2380 353 2414 ό.
376 2377 521 2414 ΔΕΣΠ.
546 2371 597 2413 Οὔ
626 2372 717 2425 νοῶ)
747 2372 966 2425 Quomodo
995 2371 1171 2412 excidere
1196 2371 1364 2425 potuerit

103 2428 258 2482 negatio
283 2425 344 2475 οὐ,
374 2428 426 2468 sle
450 2428 695 2479 imaginabar.
727 2426 831 2467 Cum
856 2426 1036 2480 scriptum
1064 2426 1178 2471 estet,
1208 2431 1298 2466 Δσσ.
1324 2420 1362 2463 οὗ

182 2481 326 2523 lucian.
359 2483 439 2525 Vol.
468 2481 577 2525 Vm.
1053 2478 1121 2533 Pp
