1835 3408
446 164 536 213 534
637 149 1518 197 ANNOTATIONES

441 233 485 274 ln
502 248 583 274 mea
600 235 735 274 Aldina
758 250 788 274 1.
802 235 894 273 nihil
910 232 1050 280 deeffe,
1070 234 1146 272 iam
1168 233 1243 272 dixi
1259 233 1304 271 ad
1319 232 1419 272 Dial.
1443 233 1552 274 XIV.
1563 233 1712 274 Ruta·

515 290 594 328 ibid.
616 288 945 339 Ἐπεισέποωσοιν)
975 288 1040 326 Ab
1067 287 1296 326 ἑπεισποιίω.
1321 287 1407 325 Vid.
1431 299 1514 338 pag.
1536 289 1713 339 praeced.

442 342 510 381 ubi
530 343 807 382 ἐπεισπαίσας.
834 341 980 381 Confer
1000 342 1111 379 etiam
1133 339 1229 378 infra
1257 354 1292 392 p.
1319 340 1407 392 638.
1424 341 1510 392 (ed.
1525 340 1711 393 A.)Ku-

443 406 560 435 STER.
585 395 627 434 ln
653 397 832 434 omnibns
858 394 992 432 nostris
1014 394 1118 432 libris
1140 393 1388 433 ἑπεισέπεσον
1407 393 1628 445 legebatur,
1647 393 1712 433 se‘d

445 450 598 489 Kusteri
612 449 827 488 emendatio
846 448 1002 500 placuit.
1018 448 1176 487 SOLAn.
1192 447 1508 498 Ἐπεισέπαισοιν)
1521 446 1618 487 Dedi
1633 447 1712 489 hoc

444 503 589 542 Solano
608 515 721 555 atque
747 500 939 547 Kustero,
959 514 1001 540 ut
1025 502 1229 552 reciperem
1244 529 1254 545 ‚
1276 501 1368 551 quia
1383 499 1432 538 stc
1453 501 1572 553 paulo
1595 498 1710 554 supi-'a

445 557 544 596 bene
569 557 778 609 legebatur,
802 554 840 594 δι
862 555 914 593 nil
940 554 1112 599 facilius,
1137 565 1251 603 quam
1271 568 1312 591 αι
1327 584 1339 600 ,
1363 568 1382 591 n
1409 554 1448 592 δι
1480 568 1497 593 ε
1512 585 1524 602 ,
1544 553 1641 593 inter
1658 554 1713 593 di·

444 610 612 649 &antem
635 611 676 650 &
701 608 954 659 excipientem
981 607 1252 653 confunditur3
1270 606 1310 646 δι
1328 605 1440 658 supra
1455 607 1559 646 Tox.
1585 619 1620 647 c.
1643 607 1709 653 61,

446 664 685 702 Σιεκπαίσοις
709 664 746 701 in
767 660 953 713 plerisque
979 662 1102 708 reete,
1123 661 1187 699 ubi
1220 672 1346 698 tamen
1378 659 1564 712 quaedam
1596 661 1711 701 etiam

445 717 675 757 Σιεκττέσοις.
688 717 776 754 Vid.
794 716 841 753 ib.
860 716 952 753 Not.
969 713 1090 754 Posset
1109 714 1259 765 quidem
1276 726 1347 764 pro
1370 713 1532 767 vulgato
1555 712 1684 755 afferri
1697 745 1710 760 ‚

444 770 579 810 εἰσπίπ
589 786 642 809 τω
658 781 785 809 tamen
800 768 840 807 δι
859 781 928 820 pro
944 770 1061 806 irruere
1075 768 1147 806 dici
1160 798 1172 814 ‚
1194 779 1236 806 ut
1252 767 1352 818 apud
1367 765 1488 820 Diog.
1506 767 1629 807 Laert.
1655 769 1713 807 in-

446 825 588 870 venio,
611 824 649 863 L.
666 824 709 869 l,
730 823 765 862 S.
786 826 859 870 46,
883 821 1222 871 στεφανωσάμενος
1242 820 1432 860 εἰσέπεσεν
1456 820 1507 860 εἰς
1525 821 1594 860 τὴν
1617 821 1713 875 ἁγο-

446 879 524 928 picit.
542 878 586 916 Et
603 878 703 928 apud
727 877 936 916 Herodian.
959 875 1029 921 lv,
1046 889 1070 922 4
1085 905 1095 919 ,
1118 889 1130 912 1
1143 890 1163 913 2
1177 905 1188 921 ‚
1211 874 1391 914 ἐσέπεσεν
1411 873 1523 918 εἷςτδ
1540 877 1714 925 στρατόν.

447 931 520 970 Sed
537 931 843 982 haecssaliquanto
857 930 981 968 minus
994 929 1199 968 violentam
1217 927 1464 979 irruptionem
1478 926 1716 978 significant,

443 985 489 1031 ἃ
507 997 585 1023 non
604 984 700 1024 male
713 984 765 1022 ibi
786 982 962 1030 versum,
979 985 1085 1035 castra
1102 983 1227 1032 attigit.
1248 980 1397 1021 Confer
1415 981 1457 1021 δι
1478 980 1576 1021 infra
1598 981 1714 1033 Sym.

448 1038 530 1090 pos.
545 1051 626 1088 cap.
647 1050 715 1083 12,
731 1037 795 1075 ubi
815 1035 941 1076 forsan
964 1035 1132 1074 similiter
1155 1036 1424 1074 ἐπεισέπαισεν
1445 1035 1618 1074 dabimus
1640 1048 1714 1086 pro

448 1092 556 1142 vulg.
579 1092 843 1137 ἐπεισεπεσεν,
864 1102 950 1129 cum
975 1089 1139 1129 είσπιιίω
1162 1089 1203 1128 &
1222 1088 1442 1128 ἐπεισπαίω
1459 1087 1684 1142 aptiffimum
1704 1120 1717 1138 ,

450 1144 700 1197 Lucianoque
723 1144 920 1195 proprium
937 1174 947 1188 ,
970 1143 1215 1193 Aristophani
1238 1142 1393 1194 aliisque
1413 1142 1488 1182 hoc
1507 1141 1614 1182 sensu
1638 1142 1714 1183 ufi-

448 1209 569 1238 tatum
587 1197 643 1238 fit.
659 1198 747 1238 Vid.
769 1207 896 1237 tamen
911 1196 1177 1249 παρεισπεσεῖν
1198 1196 1402 1248 probatum
1428 1196 1475 1236 ad
1497 1196 1565 1249 Ep.
1586 1194 1712 1236 Satur.

449 1265 531 1305 cap.
558 1267 619 1304 23.
645 1252 788 1291 ΚΕΗ-Ζ.

507 1308 596 1356 Peg.
615 1319 699 1352 270.
724 1307 746 1343 l.
769 1319 797 1344 ι.
813 1304 854 1343 ‘O
874 1303 1090 1357 Μεγαρεὺς)
1114 1303 1299 1343 Aetolum
1320 1302 1430 1355 supra
1451 1302 1608 1343 dixerat.
1635 1305 1718 1345 Me·

450 1372 579 1412 garam
599 1359 774 1399 Aetoliae
795 1371 909 1397 nemo
922 1389 936 1405 ‚
952 1369 1070 1410 puto,
1088 1359 1209 1397 novit.
1227 1357 1338 1409 Quid
1353 1357 1380 1395 st
1397 1356 1469 1397 fuit
1487 1359 1717 1408 Memor-2053

451 1425 554 1452 certe
569 1414 606 1451 in
625 1413 741 1451 literis
766 1411 980 1450 maiusculis
1001 1424 1118 1464 quam
1145 1411 1256 1451 facile
1273 1411 1556 1451 confundantur
1571 1416 1714 1452 MEI'A·

451 1470 568 1506 ΡΕΤΣ
591 1466 631 1505 δι
657 1470 928 1514 ΜΕΤΑΠΕὙΣ,
950 1466 1086 1504 dextro
1108 1478 1221 1504 crure
1239 1465 1371 1504 literae
1395 1465 1467 1512 πῖ,
1485 1475 1528 1504 ut
1545 1464 1714 1506 solemne

451 1521 527 1566 est,
549 1530 730 1570 correpto
744 1550 756 1567 ‚
780 1519 907 1558 cuivis
931 1530 1099 1570 apparet.
1113 1519 1236 1558 Porro
1256 1518 1288 1557 οἱ
1311 1518 1502 1572 Μεγαρεῖς
1525 1518 1611 1559 sunt
1636 1519 1714 1560 fine

454 1574 572 1612 dubio
587 1574 757 1612 notiores
771 1602 782 1618 ,
833 1585 918 1611 uam
939 1571 967 1612 οἱ
988 1572 1195 1612 Mamers.
1217 1572 1289 1612 Sed
1307 1585 1379 1612 nec
1399 1573 1435 1611 hi
1458 1572 1569 1623 plane
1582 1574 1715 1626 ignoti,

451 1626 609 1677 Polybii
621 1639 738 1678 opera
753 1586 1002 1678 &gtephanh
1021 1639 1255 1679 quamquam
1275 1626 1338 1665 hic
1351 1627 1387 1665 in
1403 1626 1618 1666 Acarnania
1635 1640 1715 1667 non

453 1680 558 1719 recle
573 1680 759 1724 collocat,
777 1680 910 1720 utiam
929 1678 1174 1719 observatum
1190 1679 1378 1720 Berkelio.
1399 1678 1526 1720 GESN.
1548 1681 1717 1721 Nomine

454 1734 652 1787 Μεγαρεὺς
677 1746 756 1772 non
781 1733 900 1772 solum
924 1734 1050 1772 notari
1071 1734 1174 1772 civem
1195 1733 1448 1786 Megarensem‚
1466 1732 1528 1773 sed
1553 1734 1594 1774 δι
1613 1735 1715 1788 apud

453 1787 710 1828 Athenienses
725 1786 906 1839 designari
930 1788 1107 1838 quemvis
1127 1787 1318 1827 hominem
1335 1787 1519 1827 rusticum
1545 1788 1586 1828 δι
1604 1788 1717 1828 inhu-

456 1854 611 1880 manum
626 1871 636 1886 ,
658 1851 794 1881 contra
809 1839 1020 1880 Gesnerum
1042 1841 1237 1880 contendit
1249 1841 1295 1880 ad
1311 1842 1414 1881 hunc
1427 1840 1556 1881 locum
1576 1842 1623 1882 cl.
1635 1842 1719 1884 Bel.

454 1895 502 1934 de
525 1895 657 1941 Banu,
684 1895 839 1934 laudans
864 1894 1099 1946 Stephanum
1126 1895 1165 1934 in
1195 1897 1376 1949 Μέγαιρα,
1408 1895 1474 1948 qui
1495 1894 1547 1935 fic
1575 1896 1714 1936 dietam

455 1954 574 2001 putat'
591 1950 723 1988 urbem
745 1959 879 2000 propter
904 1949 1115 2000 asperitatem
1143 1950 1299 2001 regionis,
1326 1948 1398 1990 διὰ,
1424 1951 1470 1990 τὶ
1491 1949 1626 2002 τραχὺ
1647 1949 1714 1992 τῆς
1786 1969 1791 1974 ·

455 2003 600 2055 χώρας.
625 2002 688 2043 Sic
707 2002 793 2042 sane
817 2003 1030 2043 mutatione
1052 2003 1104 2041 nil
1127 2016 1238 2054 opus.

511 2059 583 2095 ead.
611 2057 634 2094 l.
662 2057 697 2094 6.
712 2055 936 2108 Ἐκφθείρου)
958 2057 1094 2108 Βισςθὲ
1120 2058 1215 2104 hine,
1240 2057 1298 2095 ahi
1320 2057 1356 2096 in
1379 2055 1505 2097 malam
1520 2072 1594 2096 rem.
1619 2057 1711 2097 Vid-

456 2110 584 2161 Bergl.
603 2109 650 2149 ad
674 2109 845 2160 Alciphr.
869 2109 906 2157 I,
933 2123 967 2161 p.
993 2124 1053 2163 57,
1069 2111 1144 2159 62,
1164 2110 1236 2155 66,
1261 2112 1302 2151 δε
1320 2124 1415 2159 142,
1440 2111 1507 2149 ubi
1532 2110 1574 2151 δι
1600 2126 1716 2163 προσ·
1783 2098 1789 2109 K

456 2164 648 2215 φθείρεται
662 2193 674 2211 ,
696 2164 767 2202 abit
786 2165 891 2202 ad-
909 2163 948 2202 in
964 2163 1053 2204 mal.
1075 2176 1233 2216 partem.
1255 2164 1372 2206 Conf.
1397 2164 1580 2205 Nostrum
1601 2164 1715 2218 supra

457 2216 563 2257 Asm.
584 2230 667 2268 cap.
690 2218 749 2268 56.
771 2217 915 2259 RErrz.

513 2273 586 2311 ead.
608 2272 632 2310 l.
651 2284 707 2319 ¹4·
721 2270 789 2310 Τὸν
814 2269 1022 2322 σύνταξιν)
1049 2270 1159 2324 Quid
1174 2270 1220 2310 fit
1239 2271 1442 2324 σύνταξις,
1459 2272 1543 2312 eod.
1567 2285 1637 2313 ore
1656 2273 1716 2313 ini

457 2332 715 2374 terpretantur
734 2323 980 2365 Grammatici
995 2354 1006 2370 ‚
1029 2325 1103 2365 scil.
1124 2324 1177 2364 est
1200 2325 1346 2376 εἰσφορὰ
1366 2327 1406 2366 ἣν
1432 2326 1513 2366 τοῖς
1530 2327 1715 2379 στρατιώ-

457 2391 548 2416 ταις
561 2377 757 2426 διένειμαν·
771 2378 978 2426 περίμεινον
997 2379 1065 2419 τὴν
1077 2379 1275 2432 σύνταξιν,
1289 2379 1413 2423 Gallis
1423 2411 1435 2430 ‚
1454 2381 1498 2421 Je
1509 2395 1596 2422 vous
1607 2395 1715 2437 paye·

460 2431 513 2472 rai
531 2433 554 2470 ci
576 2431 613 2470 la
634 2433 780 2485 monstre.
802 2431 977 2478 BOURD.
1220 2433 1221 2437 ’
1662 2438 1664 2441 ’
