1783 3403
232 243 306 289 ,ΙΝ
340 243 674 292 DLALOOEOS
711 243 1160 292 MERETRIOEOS.
1249 264 1336 312 519

76 321 135 363 bis
147 352 161 370 ,
183 323 359 365 ἐπέκειτο
380 326 424 366 δὲ
443 325 546 365 πάνυ
565 324 674 376 ὁμοία
693 325 756 364 moi
774 323 976 377 προσφυὴς,
994 337 1097 375 quae
1110 326 1155 364 de
1170 324 1242 376 ipsa
1259 339 1340 365 mu-

73 375 164 416 liere
176 378 385 427 intellexit,
408 393 496 418 cum
520 391 645 418 tamen
672 377 717 417 de
741 379 822 418 eius
841 389 955 418 coma
981 377 1160 417 adscititia
1180 379 1258 417 ‘sint
1282 380 1340 418 in-

75 429 300 482 telligenda,
326 434 366 472 &
383 431 593 484 parenthesi
615 432 741 483 potius
762 430 1008 476 includenda,
1031 431 1104 470 hoc
1129 430 1254 471 sensu:
1271 445 1340 475 „ca-

76 483 145 537 piti
166 484 297 524 demfit
335 498 487 526 comam
519 485 760 531 adscititiam,
784 498 899 537 quam
932 483 1144 535 impositam
1174 486 1339 524 habebat

77 536 191 578 valde
205 537 362 579 fimilem
385 539 428 579 &
442 550 567 590 aptam
584 551 594 577 1
613 550 712 592 atque
733 539 809 591 ipsa
828 538 905 590 visa
928 540 970 590 est
984 538 1088 589 instar
1110 540 1338 592 robusttffi'mo·

77 604 151 632 rum
165 593 364 632 athletarum
382 594 554 632 advivam
568 593 670 644 usique
682 606 786 632 cutem
805 591 954 642 detonfh.
975 591 1018 631 L.
1039 591 1141 633 BOS.
1233 633 1236 639 ¹

131 645 210 685 ibid.
228 643 412 698 nmhnnv)
425 645 489 690 De
512 647 634 685 comis
648 644 838 686 adscititiis
857 643 1009 697 copiose
1029 645 1110 683 dixi
1135 645 1232 685 alibi.
1248 644 1339 684 Iun-

77 708 129 750 ge
146 697 332 739 Alexand.
354 699 462 739 Paed.
489 699 553 738 lib.
582 699 639 746 11,
659 712 740 751 cap.
763 712 820 738 ιιι.
845 698 1032 738 Artemid.
1049 698 1113 737 lib.
1133 698 1162 737 I.
1186 698 1216 738 F
1220 701 1339 739 irmic.

78 750 212 791 Astro.
228 765 261 792 c.
281 767 314 800 1,
337 753 397 792 lib.
421 753 451 793 Ι.
464 753 565 791 Vide
590 753 747 792 Herald.
772 754 817 791 ad
844 752 1008 791 Martial.
1031 751 1203 791 Boum).
1230 753 1339 791 Πηνί-

77 818 159 851 κην,
182 806 218 845 la
234 820 407 859 pet-tuque.
430 805 600 847 GUYET.
621 806 674 845 Ut
691 806 780 847 lunt.
795 806 963 851 frti-vinni»,
984 805 1039 844 ita
1058 806 1256 858 Lexicogr.
1281 807 1342 846 vi-

75 856 199 898 ciffim
212 860 325 899 etiam
352 859 516 900 afferunt
538 859 671 899 ornm'zn
696 859 771 900 hoc
793 858 926 906 sensu;
951 858 1010 897 sed
1025 859 1065 898 δι
1084 858 1226 901 πηνίυιυ
1243 859 1338 898 infra

78 910 181 951 Dial.
200 913 300 953 Mer.
315 913 388 954 ΧΠ
403 915 447 952 ad
459 913 524 952 fin.
540 914 578 952 in
594 912 778 966 plurimis,
801 913 840 952 δι
856 913 958 952 κᾶε
969 942 980 958 ,
997 925 1038 951 ut
1050 914 1166 953 credo
1178 942 1191 962 ‚
1213 912 1344 954 scribi-

76 975 158 1006 tur.
174 965 220 1006 Et
234 965 285 1007 sic
299 979 363 1019 ap.
374 965 463 1012 Pell.
482 967 538 1006 bis
552 967 629 1006 sine
643 967 824 1006 varietate
836 967 996 1018 reperio.
1011 966 1159 1007 Rmrz.

102 1020 206 1060 'cam
222 1021 246 1059 l.
262 1020 456 1073 ς.“ομοίαι)
477 1020 515 1061 Ἡ
534 1019 669 1060 mrim,
685 1019 832 1060 scilicet.
859 1019 1026 1059 Gon-r.

131 1077 206 1112 ead.
229 1073 254 1113 L
280 1088 339 1114 12.
358 1074 503 1114 Ταύτην
525 1074 593 1114 τὴν
616 1073 909 1126 Δημώνασσαν)
936 1074 991 1113 Ex
1013 1072 1083 1112 Ms.
1103 1073 1198 1125 Reg.
1223 1085 1337 1126 2955.

77 1125 294 1167 admisimus
309 1128 511 1168 articulum
530 1127 597 1167 τὴν
619 1139 707 1166 ante
731 1134 829 1177 Δημ.
844 1128 910 1179 qui
931 1127 1058 1166 aberat
1082 1129 1129 1166 ab
1150 1127 1231 1165 edd.

90 1207 93 1210 <
133 1183 207 1220 ead.
222 1182 245 1220 l.
265 1194 324 1232 ις.
343 1184 390 1220 Το
411 1181 603 1232 ἀνδρεῖον)
627 1181 822 1221 Catullus:
843 1185 895 1221 Et
915 1183 1136 1232 quaerendum
1151 1184 1257 1227 unde,
1274 1196 1337 1220 un-

79 1234 120 1274 'de
136 1233 413 1287 fhretner’vofius
435 1236 534 1275 illud.
551 1235 733 1274 MENAG.
757 1235 858 1274 Idem
876 1235 987 1273 habet
1007 1234 1156 1286 Guyet.
1178 1248 1227 1274 ex
1256 1246 1336 1287 quo

78 1289 212 1328 omnia
225 1288 318 1328 surri
351 1289 440 1329 uisse
454 1289 674 1340 Menagium
692 1289 815 1327 video.
836 1288 982 1328 Rmrz.

149 1342 240 1394 Pag.
261 1357 303 1382 21
339 1373 347 1381 .
370 1343 396 1382 l.
411 1343 446 1383 6.
463 1342 694 1395 Ἐφέστρια)
716 1342 826 1394 Quid
847 1341 1072 1381 intellexerit
1090 1354 1156 1394 per
1178 1342 1228 1379 τὺ.
1252 1341 1340 1391 {cpi-

80 1410 221 1446 «τρια,
243 1408 322 1436 non
346 1395 453 1436 facile
481 1397 535 1436 est
554 1395 752 1443 divinare,
780 1408 825 1435 ea
855 1408 939 1436 vox
971 1395 1056 1434 alibi
1081 1407 1158 1433 non
1189 1395 1338 1445 legitur.

23 1494 27 1497 ,
79 1449 183 1489 Nihil
209 1451 321 1503 igitur
350 1450 444 1489 certi
471 1463 492 1489 a
524 1462 585 1488 me
614 1448 826 1501 exspePtes:
856 1447 1096 1489 conie&uras
1121 1449 1237 1486 nudas
1267 1449 1336 1487 tibi

79 1515 312 1556 proponam.
329 1501 367 1542 Si
388 1504 486 1544 bene
505 1503 542 1543 se
561 1502 677 1542 habet
695 1516 741 1542 ea
761 1502 898 1551 leffio,
923 1502 1076 1541 videtur
1097 1502 1146 1540 ab
1168 1501 1338 1553 ἐφεστρὶς

79 1569 129 1597 ea
148 1571 229 1598 vox
261 1558 396 1598 deduci
413 1557 572 1597 debere:
595 1556 649 1596 est
671 1569 800 1596 autem
829 1556 942 1595 vestis
962 1556 1147 1605 quaedam
1173 1554 1311 1607 species
1328 1585 1341 1600 ‚

78 1623 179 1662 quae
205 1611 555 1662 superinduebatur.
571 1611 705 1650 Suidas
725 1609 900 1661 μανὲὑιιν
922 1610 960 1649 δι
976 1609 1091 1660 βίρῥαν
1111 1610 1339 1661 interpreta-

76 1673 160 1717 jur,
176 1665 218 1705 &
237 1663 399 1716 ὕφασμα
412 1664 454 1717 ἐξ
474 1664 626 1718 ου’γείων
640 1665 798 1715 τριχῶν,
819 1664 882 1702 alii
902 1662 1103 1715 χλαμύδα
1116 1694 1126 1709 ,
1151 1662 1210 1700 alii
1231 1674 1340 1714 >rja-

81 1718 134 1758 νὶς
151 1731 323 1760 vertunt.
345 1718 547 1772 Quidquid
570 1730 695 1757 tamen
720 1717 854 1764 fuerit,
877 1719 1057 1770 quoniam
1082 1717 1128 1756 ab
1148 1729 1196 1755 co
1226 1729 1341 1768 gene-

80 1784 125 1811 te
149 1773 261 1813 vestis
281 1774 335 1811 τὰ.
358 1773 542 1824 ἑφέστρωι
564 1772 753 1817 dicuntur,
776 1771 940 1823 suspicor
965 1783 1029 1809 eas
1046 1770 1166 1809 vestes
1186 1770 1261 1808 texi
1285 1769 1343 1808 so-

81 1826 167 1866 litas
191 1839 214 1866 a
235 1825 456 1867 mulieribus
476 1825 585 1865 simul
608 1825 799 1872 adunatis,
817 1837 915 1876 quae
939 1825 1103 1863 texendo
1126 1823 1271 1862 fabulas
1290 1823 1345 1862 le·

81 1880 190 1936 pidas
208 1881 253 1920 ad
275 1881 381 1920 vices
400 1879 627 1926 narrabant,
646 1890 690 1918 ut
711 1879 882 1919 fallerent
896 1891 1068 1929 tempus,
1089 1878 1128 1917 δι
1145 1877 1312 1917 laborem
1325 1906 1337 1923 ‚

83 1946 183 1987 quae
205 1934 259 1974 ob
279 1934 316 1973 id
344 1934 533 1985 ἑφέστρια.
555 1930 786 1986 Σικγῆματα
807 1933 1035 1972 dicebantur.
1058 1930 1119 1970 Sic
1145 1930 1344 1970 Nostrates

83 1988 216 2028 dicunt
232 1989 279 2028 les
299 2001 411 2028 comes
429 1990 476 2027 du
495 1987 639 2027 veilleri.
652 1988 703 2025 At
724 1985 824 2026 forte
840 1984 1015 2025 mendosa
1035 1984 1087 2023 est
1105 1998 1150 2024 ea
1170 1997 1251 2023 vox
1263 2014 1276 2031 ‚
1299 1984 1342 2022 ὅ(

83 2041 284 2095 legendum
306 2042 367 2081 vel
390 2042 450 2090 ἐφ’
471 2039 584 2080 ἑστίαι
597 2069 608 2087 ,
632 2041 655 2078 i.
670 2053 704 2080 e.
724 2044 771 2081 ad
795 2040 898 2086 lares,
911 2038 1080 2090 adfbcum
1095 2068 1107 2086 ,
1130 2038 1192 2077 vel
1213 2036 1340 2084 Ἡφαί-

84 2109 182 2135 στιαι
203 2097 256 2136 ob
279 2095 437 2135 eandem
453 2095 639 2134 rationem
654 2123 666 2140 ‚
689 2094 715 2133 i.
731 2107 763 2134 e.
783 2106 882 2146 quae
899 2094 943 2132 ad
967 2093 1091 2145 ignem
1118 2092 1238 2131 hieme
1262 2104 1347 2129 nar·

83 2160 231 2196 rantur,
249 2163 336 2190 narn
361 2148 437 2202 (ut
458 2160 595 2188 notum
615 2147 692 2200 est)
707 2142 916 2197 Ἥφαιστος
940 2146 1047 2198 saepe
1074 2159 1145 2198 pto
1171 2146 1257 2197 igne
1284 2144 1344 2184 su„-

87 2203 223 2243 mitur:
242 2205 284 2245 δι
306 2202 640 2251 ετειηῑἪφοιίστια
663 2201 814 2241 fabulae
827 2232 838 2249 ,
858 2213 957 2252 quae
979 2201 1026 2239 ad
1044 2200 1262 2239 Vulcanum
1281 2197 1347 2238 seu

84 2257 212 2308 ignem
233 2256 431 2298 affidentes
451 2255 615 2296 feminae.
636 2255 765 2294 nendo
783 2254 847 2293 vel
876 2254 1042 2294 texendo
1069 2254 1274 2293 narrabant
1305 2252 1346 2290 in

84 2310 257 2351 Vulcani
277 2310 400 2356 festo,
425 2310 531 2362 quod
558 2309 718 2349 Athenis
740 2307 978 2358 Ἠφαιίσ-τιαι,
1002 2318 1046 2347 ut
1071 2320 1119 2347 ex
1147 2306 1346 2345 Andocide

84 2375 189 2419 patet
209 2365 248 2403 in
267 2363 440 2404 sermone
463 2364 509 2402 de
528 2362 726 2414 mysteriis.
751 2363 858 2401 Haec
882 2374 957 2413 ego
976 2361 1230 2400 tentabundus
1244 2372 1286 2398 ut
1305 2359 1346 2398 in

85 2418 261 2458 tenebris.
284 2418 349 2459 Tu
361 2417 460 2458 forte
474 2417 635 2456 meliora
650 2447 663 2465 ‚
688 2415 822 2461 Ιεὲὶοτ,
834 2415 1045 2468 cogitabis:
1064 2415 1205 2453 utinam
1223 2413 1263 2453 &
1280 2425 1348 2452 no·

85 2471 145 2511 bis
164 2472 387 2523 impertiaris
399 2474 409 2511 ¹.
422 2471 557 2511 PALM.
570 2470 688 2516 Vide,
705 2482 753 2508 an
767 2468 900 2509 fiessum
915 2479 1032 2509 notet.
1048 2467 1205 2508 SOLAN.
1221 2467 1346 2519 Marg.

85 2524 291 2567 parisinae:
307 2527 480 2581 Ephessris
498 2524 675 2579 veffimenti
689 2538 794 2578 genus
810 2523 965 2563 milimris
979 2524 1054 2618 {fi
1068 2524 1152 2561 unde
1168 2522 1347 2575 Ephestriiz
