1835 3408
486 118 1552 196 418ANN0TAT'10NES

486 223 693 276 respondere,
711 222 769 263 sed
790 223 842 262 est
868 223 942 261 hoc
967 223 1056 261 loco
1073 222 1243 274 secundas
1263 237 1356 276 agere
1376 221 1440 262 seu
1454 223 1578 276 fhcere.
1601 224 1662 265 Sic
1685 225 1743 266 ixi-⁴

484 277 767 328 terpretandum
784 308 794 324 ,
816 292 889 316 cum
909 277 1122 329 histrionibus
1137 277 1305 328 ficundas
1322 275 1467 327 fizccres,
1486 278 1521 316 6·
1537 280 1646 331 gregis
1666 282 1740 319 dux

485 329 548 382 ff
569 345 711 382 cuperes.
735 330 888 369 Plautus
907 329 1009 368 Asin.
1035 329 1090 378 ΙΙ,
1113 343 1150 368 1:
1174 330 1245 373 lam
1263 345 1352 369 nunc
1366 330 1534 381 ficundas
1546 332 1738 383 mihifizcis.

484 382 644 435 Proprie
665 395 790 424 autern
802 398 884 435 grex
903 383 948 421 de
970 382 1224 422 histrionibus.
1247 382 1395 422 Petron.
1417 384 1512 422 Grex
1526 385 1597 437 agit
1613 386 1648 423 in
1663 386 1739 437 sce-

485 452 532 475 na
550 439 685 476 mimum
697 468 709 485 ‚
723 450 821 490 parer
834 437 888 474 ille
909 450 1061 480 vocatur,
1074 436 1189 478 Filius
1207 437 1263 474 hic
1277 466 1290 481 ,
1307 452 1422 475 nomen
1441 437 1556 476 AEvitis
1574 439 1629 476 ille
1642 452 1737 480 tenet.

487 493 616 530 (ζει-Χ
635 501 857 529 ROMANUS
874 491 909 527 in
925 490 1079 541 antiqua
1093 489 1330 540 inscriptione
1344 491 1388 528 de
1401 491 1652 541 pantomimis.
1664 492 1739 545 Ὀρ-

524 544 640 584 nera}
654 554 780 582 autem
802 543 1019 582 dicebantur
1035 544 1280 594 pantomimi,
1301 554 1345 582 ut
1362 556 1513 582 cantores
1525 543 1740 586 histriones.

483 559 667 637 {floridum
687 607 813 635 tamen
834 596 943 635 locus
967 595 1019 635 est
1036 597 1084 635 ab
1110 597 1216 635 omni
1245 596 1384 636 mendo
1408 608 1602 648 purgatus.
1627 598 1738 650 Quid

483 651 584 697 enim
606 650 783 704 ’γέμουσα
797 651 898 699 plena
916 651 1104 700 Tragoedia
1115 653 1134 689 ἓ
1149 649 1269 689 Cuius
1282 651 1334 689 rei
1352 661 1431 688 erat
1446 650 1575 702 plena?
1590 651 1740 692 Excidit

484 704 642 744 vocula.
660 704 789 744 Credo
803 703 1010 742 Lucianum
1037 702 1213 755 scripsisse
1231 704 1426 755 ’γέμουσαν
1442 704 1589 753 μίσους,
1602 701 1736 757 ρΙιηῖιη

483 758 566 799 odii.
588 758 633 796 Et
649 756 698 796 fic
722 768 846 796 totum
864 757 989 796 locum
1009 757 1233 795 vertendum
1247 788 1258 804 ‚
1274 768 1420 809 agentem
1427 757 1496 808 sub
1505 758 1648 810 persona
1667 760 1738 799 lae-

483 824 521 851 ta
545 811 581 849 G·
603 811 730 849 comica
759 812 976 862 Tragoediam
995 811 1092 853 valde
1115 813 1265 863 asperam
1287 812 1322 848 δ’
1340 811 1474 863 plenam
1496 812 1575 850 odii.
1601 812 1736 864 Aspera

485 865 671 916 Tragoedia
680 880 698 912 ;
722 875 763 904 ut
784 866 883 916 apud
912 864 1069 903 Sueton.
1091 863 1127 902 in
1156 863 1358 916 Augusto,
1381 864 1577 914 asperrimae
1601 865 1736 906 literae:

482 917 545 958 sed
557 918 625 969 fitb
640 918 804 969 perfinia,
827 929 867 956 iit
887 918 984 969 apud
1012 918 1174 962 Minium
1197 917 1362 968 Syrum,
1392 917 1539 956 Heredis
1553 921 1659 969 fletus
1668 921 1736 972 fi‘b

477 973 620 1024 persona
643 972 729 1022 risus
749 974 800 1024 est.
822 970 1056 1010 Clarissimus
1076 971 1134 1010 vir
1163 971 1290 1010 Iacob.
1314 970 1466 1011 Tollius
1485 973 1666 1019 coniecit,
1686 973 1746 1013 le-'

481 1027 650 1089 gendum
667 1024 740 1064 effe
759 1025 879 1063 κακῶν
893 1028 1103 1077 ’γέμουσαν-
1127 1025 1230 1077 quod
1246 1037 1322 1064 non
1348 1025 1540 1076 improbo.
1564 1025 1737 1068 GRAEv.

493 1078 796 1132 Ύποκρινὸμενον)
814 1077 883 1117 Ms.
900 1077 969 1118 Gr.
984 1078 1030 1121 i&
1050 1080 1091 1117 V.
1109 1093 1142 1117 2.
1166 1079 1208 1122 ln
1233 1078 1384 1131 reliquis
1408 1090 1527 1131 prave
1547 1075 1738 1119 ὑποκινοὺ-

480 1146 602 1183 μενον.
620 1132 779 1171 SOLAN.
802 1131 1102 1181 ’Ύποκινοὺμενον
1123 1154 1168 1162 -
1183 1131 1392 1184 προσώπῳ)
1418 1131 1539 1171 Favet
1563 1131 1738 1174 Graevio

482 1186 596 1226 etiarn
618 1185 813 1226 Caseliana
833 1185 945 1224 leeiio
963 1183 1274 1237 ὑποκρινούμενον.
1299 1186 1359 1225 Ac
1381 1186 1426 1225 de
1447 1184 1628 1225 sententia
1652 1187 1737 1226 nul·

481 1240 561 1279 lum
582 1239 633 1278 est
649 1239 820 1279 dubium.
839 1239 935 1278 Illud
954 1251 1031 1279 non
1052 1238 1171 1281 ausim
1189 1251 1351 1291 negare,
1372 1237 1634 1282 ῦποκινεῒσὲῑαι
1656 1239 1737 1280 for-

481 1305 521 1333 te
544 1293 666 1346 ipsum
690 1306 847 1345 quoque
868 1304 1000 1343 aptum
1022 1292 1110 1337 huic
1122 1293 1177 1332 rei
1198 1294 1358 1332 verbum
1375 1324 1387 1341 ‚
1401 1293 1462 1333 cui
1478 1303 1659 1345 tanquam
1675 1307 1735 1334 ra·

480 1347 574 1387 riori
604 1346 831 1386 substituerit
860 1347 994 1399 aliquis
1023 1347 1182 1387 alterum
1214 1346 1393 1386 solemne.
1419 1344 1610 1386 Κινεῒσθοκ
1633 1358 1737 1388 certe

481 1402 528 1440 ad
555 1400 728 1440 saltantes
754 1399 905 1446 referri,
926 1413 1065 1447 nemo,
1088 1411 1206 1451 puto,
1226 1400 1380 1439 dubitat.
1403 1400 1466 1441 Sic
1489 1399 1734 1454 Aristophan.

480 1458 568 1503 Νεφ.
588 1455 684 1507 296,
709 1456 824 1507 Μέγα
845 1452 923 1507 γάρ
944 1468 982 1492 τι
1008 1453 1103 1494 θεῶν
1126 1453 1284 1494 κινεῖται
1310 1452 1440 1505 σμῆνος
1469 1453 1646 1504 divisast,
1666 1454 1734 1496 lo·-

479 1509 547 1560 qui
566 1509 714 1547 videtur
730 1508 779 1553 ,de
801 1508 999 1546 modulato
1021 1506 1183 1559 ingreffu
1203 1508 1243 1546 δι
1265 1507 1488 1553 saltatione,
1508 1508 1542 1546 id
1565 1507 1617 1547 est
1639 1508 1734 1549 cho-

478 1574 548 1607 ro,
571 1561 742 1600 nubium.
774 1561 853 1600 Iam
875 1559 1128 1605 ὑποκινεῖσῧᾳι
1162 1559 1275 1610 sheep&
1298 1561 1484 1613 προσώπῳ
1513 1560 1733 1615 τραγῳὲίοιν

478 1615 633 1656 ⁶*ridetur
654 1615 749 1653 idem
766 1613 975 1665 significare
985 1645 996 1662 ,
1010 1614 1114 1667 quod
1130 1614 1314 1655 κινεῖσῧαι
1330 1611 1401 1654 ὑπο
1414 1615 1597 1666 προσώπῳ
1610 1630 1734 1669 τραγ-

479 1668 614 1718 ῳδίαν,
626 1680 758 1713 motus
774 1669 941 1719 tragicos
955 1669 1064 1711 edere
1081 1667 1148 1708 sub
1166 1667 1325 1720 persona
1341 1669 1493 1708 ridente.
1508 1669 1734 1722 Τραγῳὸἱιιν

476 1723 674 1776 *γέμουσαν
695 1722 909 1774 fimpliciter
934 1722 1033 1765 verti
1054 1723 1189 1775 plenam
1202 1752 1214 1769 ‚
1234 1722 1339 1774 quod
1359 1722 1565 1774 probabilis
1587 1723 1733 1764 videre.

476 1787 540 1816 tur
563 1776 820 1817 Gronoviana
842 1776 1128 1827 interpretatio,
1149 1776 1236 1816 licet
1259 1776 1398 1828 quibus
1422 1777 1655 1828 argumentis
1675 1787 1733 1816 at-

474 1843 552 1882 que
581 1830 767 1882 exemplis
793 1829 879 1869 usus
909 1829 962 1869 est
994 1831 1054 1872 vir
1082 1828 1335 1876 doffiffimus,
1355 1830 1401 1870 de
1430 1830 1499 1872 illis
1530 1842 1609 1870 non
1631 1831 1729 1870 idem

474 1896 544 1936 per
561 1885 690 1923 omnia
711 1883 932 1929 existimem.
945 1883 1072 1924 GESN.
1087 1882 1377 1935 ςΤποκριιίἑριειόν
1389 1883 1532 1935 recepi,
1549 1884 1641 1936 quia
1660 1897 1731 1924 ve-

472 1936 612 1981 riffime
624 1937 824 1989 respondet
849 1937 999 1988 κωμικῷ
1013 1937 1206 1988 προσώπῳ·
1229 1949 1313 1977 nam
1329 1937 1621 1978 Comoedorum
1641 1951 1732 1990 pro-

471 1992 553 2043 pria
586 1990 823 2044 hypocrisis,
848 1993 956 2033 cuius
985 1991 1129 2035 mentio
1157 1991 1269 2032 etiam
1302 1991 1376 2031 hoc
1404 1991 1505 2032 Dial.
1536 1990 1728 2043 frequens.

472 2043 632 2092 Gesner.
649 2045 850 2096 vulgatum
868 2041 1145 2101 ὑποκιγοὺμενον
1160 2056 1350 2091 verterat,
1371 2058 1474 2097 agere.
1496 2045 1581 2097 Ego
1585 2047 1731 2097 fimula-

469 2114 504 2137 re
517 2098 682 2152 reposui.
696 2097 843 2139 Rlzrrz.
866 2099 989 2142 Etiam
1014 2111 1056 2138 ur
1077 2111 1180 2139 nunc
1193 2099 1396 2140 constitura
1411 2099 1464 2138 est
1480 2098 1618 2145 leelio,
1640 2112 1728 2139 ver-

468 2151 561 2191 bum
584 2166 679 2204 agere
697 2153 734 2191 in
752 2151 928 2192 versione
952 2152 1239 2205 relinquendum
1266 2163 1384 2205 puto,
1404 2156 1446 2193 ur
1465 2153 1667 2206 proprium
1688 2153 1728 2192 in

467 2204 540 2246 hac
559 2219 623 2251 re,
641 2206 682 2246 &
703 2205 759 2255 τῷ
774 2204 1035 2258 ὑποκρίνεσθαι
1049 2206 1162 2259 plane
1177 2205 1417 2259 respondens.
1432 2206 1559 2248 GESN.
1579 2206 1615 2244 in
1631 2207 1724 2245 Add.

521 2259 599 2298 ibid.
613 2259 738 2311 Ἱλοιρῷ
757 2260 822 2300 καὶ
842 2259 1023 2311 κωμικῷ)
1048 2259 1278 2303 Claudianus
1300 2261 1338 2298 in
1360 2273 1374 2298 1
1392 2258 1509 2300 Cons-
1531 2259 1727 2300 stiliconis

464 2311 530 2352 lib.
547 2312 603 2358 ll,
619 2327 657 2353 v,
682 2326 753 2367 34:
776 2314 909 2365 Inwfhs
924 2316 980 2354 odi
1010 2330 1026 2352 e
1042 2315 1158 2367 palam
1168 2329 1186 2361 ;
1204 2330 1271 2354 non
1291 2315 1385 2353 virus
1410 2315 1445 2352 in
1459 2314 1534 2353 alto
1561 2315 1726 2362 Condere;

465 2382 534 2406 non
559 2367 681 2411 laetam
699 2367 842 2419 speciem
858 2371 1069 2420 praetendere
1082 2367 1227 2422 fraudi:
1248 2369 1317 2408 Sed
1335 2380 1457 2408 certum
1477 2367 1641 2421 mentique
1655 2381 1727 2421 pa-

464 2435 528 2462 rem
542 2435 733 2475 componere
752 2422 895 2462 vultum.
909 2421 1047 2464 TOLL.
