1835 3408
454 153 542 203 ςμ
648 136 1523 186 ANNOTATIONES

498 229 572 266 ead.
587 227 612 265 l.
629 239 642 265 1
654 240 687 264 2.
703 225 978 276 Ἀλάβαστρον)
997 225 1098 265 Hinc
1117 225 1183 265 lux
1205 225 1380 265 historiae
1399 225 1608 278 Evangelii.
1631 225 1712 266 80³

447 291 546 319 LAN.
564 280 711 332 Evang.
729 281 866 319 Matth.
887 278 1045 326 XXVI,
1063 293 1101 327 7,
1116 280 1208 332 ’γυνὴ
1221 279 1586 333 αλαβαο-τρονμὺρου
1599 278 1711 333 ἔχου-

449 347 511 374 σα.
530 333 622 373 Luc.
638 333 740 380 vil,
761 335 898 385 037&c
917 333 1065 370 ΙὶειτΖ.

502 389 575 425 ead.
595 387 618 425 l.
636 400 693 435 ¹7·
711 388 801 437 Hoep'
819 386 919 438 ἐμοὶ)
936 385 1107 445 Spatium
1123 387 1337 425 vacuuml.
1359 385 1421 425 hic
1434 385 1630 440 reliquit,
1612 400 1713 425 απο-

449 437 668 480 σιωπήσεως
692 452 824 478 notam
841 452 982 490 ,quam
1005 439 1138 477 imitati
1160 438 1475 478 sumus.R1-:1Tz.

501 494 594 545 Pag.
614 495 699 543 265.
718 492 1041 544 Ι.3.Σαπέρὸας)
1065 490 1176 544 Quid
1198 491 1398 544 saperdae,
1421 504 1558 532 notum
1579 505 1629 532 ex
1652 492 1712 532 in-

448 558 499 586 tei
490 560 574 598 repr
556 558 616 585 cre
641 545 930 597 Aristophanis,
945 544 1123 592 Polluce,
1147 546 1247 585 Suid.
1269 545 1373 597 Hesy
1377 546 1437 585 ch
1463 548 1500 586 &
1525 547 1714 599 interpre-

448 602 516 639 tib.
535 598 719 639 Perfii.1n
739 599 837 639 Cod.
854 600 1091 638 Memmiano
1113 577 1293 661 iaperdae
1313 599 1397 638 sunt
1418 599 1533 647 ἀφύαι
1554 613 1714 652 τεταρι-

450 654 639 746 γευμὲέναι
661 652 721 692 Σιε
708 666 854 705 ειρμειοτ.
877 653 1067 703 καλάμῳ,
1085 653 1104 693 iv
1128 648 1167 691 υέ
1169 667 1209 691 ια.
1234 653 1398 706 τεμάχη
1423 653 1713 706 τεταριχευμέ-

450 722 495 748 να.
568 718 705 746 OURD.

503 761 586 798 ibid.
608 761 675 798 Και
701 759 879 812 πέρκας)
902 758 946 797 In
972 758 1106 797 eodem
1127 758 1303 798 Memmii
1324 758 1426 799 cod.
1453 759 1589 812 πέρκαι
1614 755 1714 801 εῗέος

453 813 582 865 ἓχθυος
603 815 938 870 τεταριχευμένου.
965 812 1140 851 BOURD.

503 869 576 905 ead.
592 867 616 906 l.
634 869 669 906 6.
682 867 801 919 Bam)
816 865 983 916 Heiych.
996 866 1109 904 Βίκος·
1126 864 1292 915 στάμνος
1308 859 1419 904 ὠτα
1407 864 1519 919 ἔχων.
1535 866 1714 907 MENAG.

505 923 579 959 ead.
600 921 623 959 l.
641 934 678 968 7.
692 923 741 959 Τυ
743 920 816 973 ρον)
841 919 950 959 Casei
975 932 1023 958 ex
1047 918 1226 970 Cythera
1249 920 1420 958 meminit
1443 920 1630 971 Epicurus
1653 933 1717 971 apt.

454 973 573 1027 Diog.
593 974 761 1024 Lae'rt.p
766 974 872 1026 ,269
900 972 941 1012 E.
963 973 1004 1011 F.
1023 973 1110 1011 Vid.
1125 972 1229 1012 Men.
1247 982 1330 1012 not.
1347 985 1433 1026 pag.
1449 973 1535 1025 263.
1557 973 1717 1015 SOLAN.

453 1031 620 1086 Tupova-
635 1028 678 1067 ἐκ
690 1025 828 1079 Γυθίου)
845 1027 936 1066 Νοη
953 1025 1070 1065 aufim
1092 1037 1239 1065 mutare
1252 1026 1460 1078 quidquam
1479 1039 1522 1066 ea
1537 1025 1614 1066 sola
1629 1040 1719 1068 cau-

454 1080 519 1129 sa,
545 1083 650 1134 quod
674 1080 813 1121 Κύθνιος
835 1095 937 1132 τυρος
959 1079 1175 1120 celebratur
1199 1093 1221 1119 a
1245 1080 1443 1133 Stephano
1468 1080 1719 1132 Byzantino

455 1136 626 1188 inprimis
653 1147 739 1174 cum
773 1147 829 1174 ter
861 1135 957 1174 idem
994 1146 1136 1173 nomen
1161 1144 1394 1186 repetatur3
1421 1146 1492 1174 nec
1524 1135 1719 1175 varietatis

457 1189 665 1241 quidquam
683 1200 909 1227 annotatum
935 1187 1097 1226 videam.
1118 1187 1236 1226 Γύθιον
1258 1188 1299 1227 &
1323 1186 1457 1227 Γύθειον
1478 1187 1569 1227 urbs
1595 1188 1724 1229 Laco-

457 1243 565 1282 nicae
585 1243 796 1288 maritima,
819 1241 957 1281 navale
980 1241 1296 1288 celeberrimum,
1313 1241 1414 1280 unde
1436 1240 1687 1282 certiffimus
1678 1255 1720 1282 in

459 1296 614 1336 Cretam
636 1295 768 1336 cursus
787 1295 863 1335 &c.
885 1295 1014 1348 quidni
1037 1296 1237 1346 potuerint
1259 1295 1373 1334 etiam
1396 1295 1481 1336 inde
1505 1296 1600 1335 catei
1621 1295 1722 1336 cele-

458 1351 546 1390 bres
571 1350 709 1389 advehi
727 1350 772 1389 ad
800 1348 925 1388 alios?
950 1348 1078 1389 GESN.
1104 1348 1204 1388 Vide
1233 1361 1306 1388 nos
1334 1348 1381 1388 ad
1416 1349 1556 1390 Lae'rtii
1585 1350 1723 1402 Epicu-

460 1417 560 1444 rum.
585 1405 724 1456 Menag.
738 1404 833 1443 Luc.
856 1402 1030 1442 Holsten.
1055 1402 1093 1441 in
1117 1412 1214 1441 nott.
1235 1402 1281 1441 ad
1298 1402 1531 1454 Stephanum
1557 1403 1602 1443 de
1621 1404 1720 1444 Urb.

459 1458 497 1496 in
517 1470 619 1496 voce
638 1456 759 1496 Γύθνος
772 1457 948 1496 emendat
963 1456 1064 1495 hunc
1084 1456 1241 1495 Luciani
1263 1455 1418 1503 locum,
1438 1457 1628 1510 docetque
1643 1458 1721 1498 hoc
1797 1478 1806 1488 ι

462 1512 503 1551 &
530 1524 623 1550 mox
644 1511 682 1550 in
710 1509 786 1562 seq.
808 1510 908 1549 binis
933 1509 1030 1549 locis
1057 1509 1257 1561 legendum
1287 1509 1362 1550 effe
1382 1510 1518 1551 Γὺθνου.
1547 1511 1720 1552 ΑΙηιεΙον.

461 1564 579 1604 Conf.
606 1577 696 1603 mox
718 1565 763 1603 ad
786 1562 970 1602 Γυθιακὸν.
995 1563 1298 1611 Rz1rz.ruo10v,
1326 1562 1445 1604 τόπος
1468 1564 1723 1618 παραθαλασε

462 1632 541 1657 σιος
562 1632 631 1658 της
651 1624 874 1658 Λακωνικῆς.
899 1617 1026 1657 Schol.
1049 1616 1120 1656 Ms.
1147 1616 1243 1669 Reg.
1271 1631 1386 1670 2954.

516 1675 592 1711 ead.
614 1673 636 1710 l.
657 1686 715 1710 12.
732 1671 869 1724 Τοίχου
890 1672 1016 1724 ἄρχω
1022 1686 1089 1710 του
1112 1670 1267 1723 ὃεξιου)
1288 1671 1498 1711 Turnebus
1523 1671 1725 1723 XXVIII,

463 1738 539 1786 43,
564 1726 609 1765 de
635 1726 761 1764 nautis
794 1724 981 1777 intelligit.
1011 1724 1188 1764 Potterus
1212 1725 1257 1764 de
1281 1725 1499 1778 remigibus.
1525 1726 1727 1768 videndus

463 1780 576 1818 etiam
597 1779 758 1825 Pollux,
779 1780 844 1832 qui
865 1779 1078 1832 τοίχαρχον
1094 1778 1266 1837 appellat.
1292 1778 1387 1818 Baif.
1415 1779 1560 1827 118,1.
1583 1780 1724 1820 Memi-

464 1844 521 1871 nit
535 1832 673 1872 Noster
693 1833 808 1873 etiarn
835 1837 871 1871 Z.
888 1848 943 1884 τρ.
959 1846 1040 1884 cap.
1059 1846 1134 1886 493
1150 1832 1210 1872 sed
1232 1833 1353 1882 idem,
1376 1845 1490 1886 quem
1504 1846 1647 1874 nautam
1663 1835 1725 1876 hie

464 1898 609 1935 vocat,
629 1888 785 1938 remigare
803 1888 865 1925 ait.
888 1886 1046 1925 Somn.

518 1942 636 1980 ead.l.
661 1940 853 1994 13.‘1*1(va
873 1936 946 1979 ὑπε
950 1939 1079 1992 ρορᾳς)
1104 1940 1165 1981 Sic
1186 1950 1296 1980 antea
1322 1937 1534 1993 ὑπερόπται
1557 1943 1636 1996 γαρ
1661 1941 1724 1982 αἰ-

465 1995 682 2045 σῖὺανόμενοι
706 1995 886 2048 γίνονται.
911 1994 973 2033 Sic
991 1994 1093 2046 apud
1113 1994 1359 2042 Petronium,
1376 1997 1550 2049 postquam
1567 1995 1727 2049 amarise
1786 1997 1790 2007 ⁸

459 2049 589 2100 fests
551 2060 566 2085 t
603 2049 818 2100 fitpercilium
842 2049 948 2087 altius
970 2049 1059 2087 tulit.
1084 2048 1258 2088 BOURD.

519 2103 600 2141 ibid
621 2101 844 2154 Ἀφροδίσια
855 2105 874 2152 )
902 2102 1112 2142 Nautarum
1135 2102 1352 2142 celebritate
1377 2103 1542 2143 maxima
1563 2103 1728 2157 ageban-

468 2165 546 2195 tur.
560 2156 649 2197 Vid.
669 2156 766 2195 Plut.
788 2156 911 2203 1406,
939 2170 974 2195 2.
996 2156 1155 2196 SOLAN.

521 2213 595 2249 ead.
612 2210 636 2248 l.
659 2224 715 2258 14.
734 2212 826 2260 Προς
847 2225 925 2249 τοιν
947 2209 1102 2263 ποὸοιν)
1130 2212 1202 2261 Προ
1219 2232 1279 2250 -.
1299 2210 1470 2251 GUYET.
1495 2210 1566 2250 Sed
1592 2210 1726 2251 habui·

471 2276 557 2302 mus
572 2264 686 2302 etiam
706 2262 844 2302 ἔκειντο
866 2264 985 2309 ὀβολοὶ
1006 2266 1094 2315 πρὶς
1114 2264 1192 2303 τοῖν
1215 2240 1362 2313 ποζῖοιν,
1382 2263 1495 2318 supra
1510 2264 1646 2316 Philop
1649 2264 1674 2304 s.
1691 2277 1725 2306 c.

423 2318 425 2322 ’
470 2329 542 2361 20,
559 2329 672 2370 quam
694 2316 898 2356 lectionem
913 2317 1129 2357 constanter
1144 2330 1312 2370 utroque
1329 2319 1420 2358 loco
1435 2319 1598 2358 retinent
1617 2318 1727 2368 1ibri;

468 2382 588 2420 quare
614 2370 707 2409 nihil
733 2371 928 2422 corrigere
949 2370 1091 2416 ausim,
1123 2384 1212 2412 cum
1232 2371 1362 2412 ποέοιν
1384 2372 1502 2412 dativi
1524 2371 1632 2412 casus
1658 2371 1725 2420 fit,

469 2424 533 2463 cui
557 2427 646 2478 πρὸς
679 2423 898 2467 εάἰιιηᾶὶιιιη
927 2424 1138 2479 fignificare
1165 2429 1283 2481 apud,
1303 2428 1377 2475 ad,
1405 2426 1499 2467 nihil
1519 2439 1624 2481 opus
1653 2426 1728 2469 erit
