1835 3408
414 165 505 213 3ss
609 142 1487 194 ANNOTATloNEs

409 239 476 278 sua
488 253 500 286 3
516 250 563 277 an
576 239 667 290 quia
682 238 805 277 Latini
821 249 949 277 amant
963 238 1124 291 Geryon,
1141 236 1217 276 onis
1227 238 1247 276 ?
1260 235 1414 276 Dubito
1428 247 1573 284 tamen,
1587 245 1685 279 num

410 294 451 334 ἃ
468 292 517 332 fic
531 293 567 331 in
585 293 754 332 Luciano
778 293 917 344 corrigi
939 291 1052 339 velit,
1071 304 1159 331 cum
1183 291 1298 330 etiam
1315 291 1482 342 Γηρυόνου
1509 292 1546 330 in
1563 292 1617 332 H.
1641 308 1681 332 2.

408 360 485 400 qua
501 347 697 393 utebatur,
721 346 904 385 intaeium
926 346 1087 397 reliquit.
1111 344 1158 384 Et
1178 357 1266 383 cum
1288 345 1381 383 nihil
1397 346 1590 385 varietatis
1612 359 1687 385 no·

408 411 530 440 tatum
547 401 751 453 reperirem
765 430 776 446 ,
795 400 876 440 edd.
898 400 1026 439 decem
1041 399 1191 447 evolvi,
1212 397 1350 451 easque
1365 399 1403 437 in
1414 399 1580 450 Γηρυόνου
1593 413 1685 439 con·

407 454 542 494 sentire
555 454 807 507 deprehendi,
821 466 960 506 nempe
974 453 1022 491 ab
1036 453 1141 493 re&o
1154 454 1336 504 Γηρυόνης,
1353 465 1470 505 quam
1486 452 1686 494 formatio-

406 522 493 548 nem
510 508 584 547 effe
599 507 874 548 usitatissimam
889 537 900 554 ,
918 507 1044 546 velex
1058 506 1197 558 Loydii
1212 506 1300 545 Lex.
1316 509 1421 559 poet.
1441 518 1575 546 notum
1589 538 1600 555 ,
1613 508 1685 560 qui

405 563 441 602 id
456 563 518 602 vel
535 575 672 615 quater
686 575 734 601 ex
749 561 925 614 Palaeph.
947 561 985 600 δι
1001 560 1176 613 Γηρυονῆα
1195 574 1215 599 a
1226 560 1414 611 Γηρυονεὺς
1428 572 1476 599 ex
1495 561 1575 600 aliis
1590 575 1684 613 pro-

406 616 490 656 fert.
508 617 622 656 Addo
634 615 792 655 Conon.
812 615 1061 666 Apollodoro
1074 627 1266 653 annexum
1283 628 1316 666 p.
1334 627 1383 652 m.
1408 627 1505 662 247:
1528 613 1595 654 τοῦ
1614 620 1682 655 Γη-

405 671 526 722 ρυόνου
545 668 793 721 περικαλλεῖς
806 669 892 707 ὅσαι
912 667 1006 715 βόες.
1027 669 1071 708 Et
1086 668 1182 708 Ptol.
1199 667 1403 720 Hephaest.
1416 681 1451 719 p.
1467 682 1485 721 3
1500 682 1544 708 10
1557 664 1685 721 f.‘Hpoe.

407 722 680 776 συμμαχοῦσα
695 722 749 771 τῷ
764 721 923 773 Γηρυόνῃ.
935 722 1062 762 Parth.
1078 722 1165 761 Nic.
1180 735 1213 762 c.
1232 734 1278 773 30
1291 724 1388 769 ,τὰς
1402 722 1569 774 Γηρυόνου
1581 722 1682 768 βοῦς.

405 779 489 817 Nec
507 778 613 817 aliter
627 777 784 823 Suidas,
801 789 872 815 nec
888 777 1084 829 Aristoph.
1101 789 1216 829 quem
1231 776 1308 814 vid.
1325 776 1492 816 Acharn.
1509 789 1546 815 v.
1568 776 1682 818 1081.

405 832 576 884 Ideoque
600 832 673 870 iam
698 830 799 870 nulla
819 831 943 869 mendi
966 829 1148 884 suspicio:
1169 842 1240 870 nec
1259 829 1338 869 scio
1353 860 1365 879 ,
1383 830 1449 870 ubi
1464 830 1600 883 Γηρύων
1615 841 1683 870 aut

406 884 531 937 Γηρυον
549 886 780 925 inveniatur.
796 884 943 924 Rmz.

460 942 534 977 ead.
550 940 574 978 l.
596 954 631 989 7.
649 939 819 992 Λέγεται
840 960 884 968 -
902 936 1118 991 Διονύσιον)
1141 938 1197 978 Ut
1221 936 1344 977 Latini
1370 935 1502 977 verbis
1527 936 1684 990 paffivis

406 992 611 1045 imperson.
627 993 757 1046 pofitis
772 992 1054 1031 nominativum
1071 992 1207 1031 addere
1220 991 1342 1044 magis
1354 1001 1486 1031 amant
1496 1021 1508 1039 ,
1520 991 1573 1031 ita
1587 1004 1685 1031 con-

404 1059 462 1086 tra
478 1046 618 1088 Graeci
631 1045 893 1087 accusativum
910 1047 952 1086 iis
970 1045 1212 1099 frequentius
1228 1047 1452 1098 adiungunt.
1471 1044 1591 1085 Diod.
1603 1046 1684 1086 Sic.

404 1102 445 1149 I,
466 1114 549 1154 cap.
573 1115 621 1155 95
648 1115 702 1155 pr.
729 1103 898 1154 Λέγεται
913 1099 1125 1153 προσελθεῖν
1143 1097 1306 1148 ’Ἄμασιν
1329 1104 1394 1140 τόν
1416 1099 1599 1139 Βασιλέα.
1623 1099 1683 1142 Ib-

404 1156 502 1195 med.
519 1157 686 1210 λέγεται
702 1158 764 1195 τὸν
778 1154 914 1207 Ξέρξου
931 1158 1084 1206 πατέρα
1107 1177 1152 1185 -
1176 1152 1393 1194 ἐπιστῆναι.
1417 1154 1460 1193 L.
1479 1153 1535 1201 11,
1551 1166 1584 1192 c.
1609 1167 1654 1192 21
1668 1183 1684 1205 ,

403 1211 568 1264 λέγεται
585 1213 649 1250 τόν
666 1210 837 1260 Μέμνονα
852 1240 864 1256 ,
881 1210 919 1248 δι
937 1209 1070 1248 millies
1088 1209 1187 1261 apud
1202 1208 1365 1247 eundem
1389 1207 1533 1247 deinde.
1553 1207 1681 1248 Parth.

403 1262 490 1304 Nic.
505 1278 537 1304 c.
555 1278 603 1316 30
616 1294 626 1310 ,
643 1266 805 1318 λέγεται
820 1262 864 1302 ἑὲ
882 1266 947 1304 καὶ
961 1262 1142 1313 Ἡρακλέα
1157 1285 1201 1292 -
1214 1262 1440 1314 ἀφικέσθαι.
1456 1261 1504 1301 Et
1517 1274 1599 1312 cap.
1619 1271 1686 1312 315

402 1320 570 1372 λέγεται
592 1317 637 1357 δὲ
658 1318 724 1356 καὶ
751 1317 947 1369 Διμοίτην.
964 1317 1060 1357 Item
1084 1330 1118 1357 c.
1143 1316 1388 1370 36,λέ’γεται
1406 1315 1450 1356 ἒὲ
1479 1313 1678 1357 καὶῬνῖσον

403 1372 505 1413 ἰέναι.
520 1372 662 1425 Aesop.
678 1371 703 1411 f.
719 1372 789 1420 86,
803 1373 968 1425 λέγεται
985 1371 1142 1411 ταύτην.
1158 1371 1309 1410 Arrian.
1321 1370 1417 1422 Exp.
1433 1369 1494 1410 Al.
1508 1370 1545 1409 in
1561 1369 1683 1422 praef.

401 1428 568 1480 λέγεται
584 1432 776 1465 Φίλιππον
787 1426 856 1476 μὲν
876 1424 1123 1471 τελευτῆσαι,
1146 1425 1214 1464 ubi
1227 1424 1412 1465 Gronov.
1429 1423 1514 1471 sex,
1536 1423 1683 1476 septem

402 1481 473 1519 alia
494 1480 599 1519 fimil.
620 1493 668 1519 ex
690 1479 774 1518 Ael.
793 1479 834 1518 ὅ(
853 1480 951 1518 Xen.
974 1478 1169 1518 Interdum
1191 1489 1320 1518 tamen
1340 1477 1682 1519 &nominativum

400 1535 592 1584 reperias,
616 1545 657 1573 ut
680 1533 803 1586 Diog.
823 1534 949 1572 Laert.
967 1533 1017 1573 T.
1040 1533 1097 1579 Π,
1119 1547 1152 1586 p.
1178 1532 1270 1585 582,
1286 1533 1451 1586 λέγεται
1474 1531 1490 1570 ὁ
1515 1532 1683 1574 Πλάτων

401 1587 478 1627 υΐος
490 1589 691 1642 γενέσθαι.
711 1587 828 1628 Diod.
848 1588 918 1627 Sic.
932 1589 988 1635 V,
1009 1601 1042 1627 c.
1063 1601 1125 1639 55,
1139 1589 1323 1642 λέγονται
1339 1582 1488 1626 s'offw
1507 1585 1572 1625 uu}
1586 1586 1684 1641 γόη-

400 1656 467 1682 ’τες
480 1643 691 1696 γεγονέναι.
707 1643 805 1681 Mox
822 1641 909 1681 ibid.
927 1641 1015 1681 Ζεὺς
1028 1641 1195 1695 λέγεται
1213 1639 1422 1694 {pao-mai.
1439 1640 1588 1680 REITZ.

455 1698 535 1736 ibid.
554 1696 762 1749 Διονύσιον)
780 1697 962 1736 Meminit
975 1695 1061 1735 Cic.
1082 1696 1126 1735 ad
1139 1696 1221 1735 Att.
1242 1696 1285 1735 L.
1299 1695 1356 1735 IX
1368 1726 1378 1743 ,
1399 1695 1499 1734 unde
1513 1701 1681 1747 prover-3

399 1750 505 1790 bium
524 1750 669 1789 facium
684 1749 738 1789 est
751 1781 762 1798 ,
777 1751 969 1790 Διονύσιος
984 1749 1021 1789 ἐν
1039 1750 1198 1801 Κορίνθῳ.
1213 1749 1359 1790 COGN.
1373 1748 1596 1801 Dionysius
1611 1760 1681 1802 ty-j

398 1817 556 1845 rannus.
574 1805 745 1845 GUYET.
759 1806 928 1844 Seniorem
942 1803 1142 1857 intelligit,
1156 1804 1223 1857 qui
1237 1805 1450 1857 tragoedias
1460 1804 1499 1843 δι
1519 1816 1680 1844 comoe-

398 1858 476 1898 dias
496 1860 621 1898 edidit.
639 1859 729 1898 Vid.
752 1858 850 1898 Plut.
865 1858 942 1912 838
955 1887 966 1905 ,
985 1872 1028 1907 23
1049 1860 1170 1909 12763
1189 1871 1288 1912 1532
1302 1890 1313 1906 ‚
1334 1872 1364 1898 1.
1388 1857 1454 1898 De
1473 1859 1681 1911 tragoediis

397 1913 482 1952 eius
498 1913 587 1953 vide
605 1913 706 1952 Suid.
727 1913 766 1951 δι
791 1912 892 1952 Plut.
908 1912 1053 1952 Timol.
1069 1927 1146 1961 442
1161 1942 1172 1961 ‚
1199 1927 1220 1951 2
1235 1944 1246 1960 ‚
1269 1912 1309 1952 &
1331 1912 1408 1952 602
1432 1911 1459 1952 f.
1481 1912 1549 1952 ubi
1573 1912 1680 1966 frag-

398 1977 572 2007 mentum
591 1966 667 2006 hoc
681 1967 794 2006 etiam
810 1967 948 2014 habet,
972 1964 990 2008 ἦ
1006 1969 1085 2021 γὰρ
1099 1967 1264 2020 Τυραννὶς
1277 1966 1434 2006 ἀδικίας
1446 1963 1566 2018 μήτηρ
1588 1966 1678 2017 ἔφυ,

396 2021 504 2072 quod
519 2021 620 2074 apud
635 2020 845 2061 Stobaeum
861 2021 974 2061 etiam
992 2022 1197 2074 reperitur,
1216 2021 1331 2061 Grot.
1346 2020 1451 2061 Flor.
1468 2020 1542 2072 187
1554 2021 1599 2061 B.
1611 2022 1679 2061 ad-

396 2076 442 2114 de
458 2075 629 2115 philostr.
647 2090 683 2127 p.
701 2090 726 2123 4
756 2089 791 2127 9.
811 2076 970 2115 SOLAN.
992 2076 1204 2116 Adleverat
1224 2075 1437 2115 Hemsterh.
1455 2075 1677 2116 adeundum

395 2128 528 2169 Davis.
544 2130 589 2168 ad
605 2129 690 2170 Cic.
702 2090 823 2170 'lpuso
838 2130 942 2183 Disp.
955 2131 1011 2175 V,
1034 2144 1070 2183 p.
1094 2143 1167 2182 350
1187 2130 1243 2170 ed.
1260 2145 1293 2169 2.
1309 2129 1369 2169 Ibi
1388 2128 1530 2170 Cicero
1543 2130 1591 2170 de
1605 2143 1677 2170 eo-

396 2184 481 2222 dem
499 2183 698 2235 Dionysio
711 2194 911 2236 tyranno:
935 2187 1133 2237 muficorurn
1148 2201 1224 2223 vero
1231 2185 1564 2239 perstudiofhpok‘tae
1573 2185 1676 2223 etiam

394 2238 523 2289 tragico
540 2254 641 2292 quam
661 2240 747 2278 bono
760 2269 772 2284 ‚
789 2240 880 2278 nihil
893 2243 943 2278 ad
962 2255 1038 2279 rem.
1057 2238 1239 2278 Davisius
1262 2250 1392 2278 autern
1409 2251 1418 2279 :
1439 2239 1591 2293 Themist.
1611 2239 1676 2278 Or.

392 2291 477 2338 IX,
493 2307 531 2344 p.
549 2298 612 2332 126
623 2323 636 2339 ,
655 2293 888 2349 Τραγῳδιάξ
900 2292 965 2339 δὲ,
981 2294 1110 2346 inquit,
1124 2292 1256 2333 ἱκανῶς
1269 2294 1451 2348 γράφειν,
1464 2293 1529 2332 καὶ
1542 2291 1674 2332 Διονύ·

394 2359 474 2384 σιος
491 2345 507 2384 ὃ
529 2346 708 2399 Τυράννος
721 2345 842 2387 ἱκανὸς
857 2349 909 2388 ἢν.
927 2350 987 2387 De
1000 2350 1133 2400 poetica
1146 2348 1218 2386 eius
1226 2348 1403 2400 facultate
1415 2363 1483 2387 non
1505 2359 1575 2387 tam
1595 2348 1674 2386 bene

384 2398 542 2451 sentiunt
562 2401 701 2454 reliqui,
715 2401 750 2439 6³
772 2404 806 2440 in
828 2402 1122 2454 horum-sententia
1132 2402 1240 2455 finſj'e
1254 2403 1292 2455 se
1305 2431 1315 2449 ,
1339 2418 1406 2441 non
1421 2400 1557 2452 obscure
1577 2403 1673 2440 docet

395 2453 539 2494 Tullius.
552 2455 731 2496 Ammian.
747 2457 908 2497 Marcell.
922 2458 964 2498 L.
978 2460 1073 2505 XV,
1093 2473 1122 2497 c.
1138 2472 1186 2507 5.-
1207 2457 1410 2511 Legimus,
1428 2455 1671 2509 Dionysium
