1783 3403
393 243 668 290 PATRIAE
701 243 1345 307 ENCOMIUN1.135

90 356 170 393 τας
189 334 440 406 εὐεργεσιων.
463 340 574 387 ἀλλ’
595 342 627 386 εὶ
653 359 729 386 και
753 337 834 392 τοῖς
859 334 984 386 καθ’
979 330 1048 385 ενα
1067 358 1127 391 τις
1148 335 1349 404 απονεμοι

89 410 235 482 χάριν,
254 409 398 478 ὥσπερ
419 409 508 462 ἐσ-τι
533 411 744 465 ὃίκαιον,’
734 410 900 461 επειοαν
920 417 961 461 εὐ
984 410 1097 475 παθη
1118 434 1216 479 προς
1235 410 1311 461 τινὶ
1316 436 1348 468 ς,

89 484 207 538 πολυ
234 489 412 554 μᾶλλον
439 484 638 558 προσήκει
663 510 730 546 την
762 486 950 556 πατριὸα
974 508 1056 542 τοις
1080 484 1350 549 καθήκουσιν

89 563 388 630 ἀμείβεο-θαι.
405 584 640 619 κακωσεως
650 584 727 632 μεν
741 584 831 627 γαρ
850 558 997 624 γονέων
1012 559 1090 612 εἰσ-ι
1105 560 1214 639 νόμοι
1228 584 1351 632 παρα

88 661 186 694 ταις
203 638 374 689 πολεσι·
393 661 519 697 κοινην
538 629 582 688 δε
600 660 797 709 προσ-ηκει
813 636 979 688 παντων
998 633 1157 706 μητέρα
1174 642 1241 697 τὴν
1259 660 1352 687 πα-

90 713 207 784 τρίὸα
222 716 412 783 νομίζειν,
433 736 510 764 και
526 735 779 784 χαριστηρια
803 723 965 803 τροΰων
984 712 1222 762 ἀποδιδόναι
1237 749 1248 766 ,
1273 735 1351 763 και

45 795 50 802 ⁸
91 789 163 850 τῆς
183 813 260 841 των
284 812 412 858 νομων
437 793 572 839 αὐτων
593 811 802 878 ymen-ecoe.
823 780 992 849 Ωφθη
1018 780 1061 838 δε
1084 787 1205 844 οὐδεις
1227 811 1351 844 ουτως
1376 801 1403 848 8

92 867 298 936 ἀμνήμων
326 888 396 925 της
422 865 638 957 πατριὸος,
666 866 721 922 ὡς
746 866 782 916 ἐν
810 863 933 951 ἑίλλη
959 863 1085 914 πολει
1115 885 1349 931 γενομενος,

90 944 284 1012 ἀμελεῖν.
319 945 430 992 ἀλλ’
460 941 502 992 οἳ
523 962 568 992 τε
596 940 967 1011 κακοπραγοῦντες
999 942 1036 991 ὲν
1066 943 1161 996 ταῖς
1193 940 1355 999 ἀποδη-

93 1023 236 1087 μιάις,
254 1015 440 1079 συνεχῶς
456 1017 744 1068 ἀνακαλουσιν
760 1039 815 1073 ως
827 1037 1032 1085 μεγιστον
1044 1039 1122 1066 των
1136 1015 1352 1078 αγαθων
1331 1040 1354 1076 η

93 1099 258 1165 πατρίς
281 1094 321 1144 οἳ
329 1115 373 1144 τε
393 1087 782 1161 εὐδαιμονοῦντες,
756 1115 806 1143 αν
826 1114 904 1142 και
921 1114 980 1142 τα
1000 1091 1134 1142 αλλα
1154 1114 1195 1142 ευ
1219 1115 1354 1184 πρατ-

92 1193 222 1224 τωο-ι,
249 1170 366 1220 τοῦτο
394 1170 493 1232 γοῦν
523 1172 664 1226 αὐτοῖς
691 1189 894 1237 μεγιστον
921 1168 1034 1218 ἐνδεῖν
1061 1171 1294 1235 νομιζουσι,
1308 1191 1356 1218 το

94 1270 159 1316 μη
177 1268 245 1306 την
263 1245 452 1316 πατριὸα
475 1248 590 1295 οἰκεῖν
605 1281 616 1299 ,
641 1240 778 1296 αλλα
797 1241 1007 1304 Ξενιτεύειν.
1031 1242 1168 1300 ὄνειδος
1193 1266 1284 1309 γαο
1309 1267 1356 1293 το

95 1345 166 1382 της
189 1322 393 1383 ξενιτείας·
424 1344 502 1372 και
529 1318 621 1378 τους
644 1342 767 1371 κατα
788 1342 852 1370 τον
869 1343 939 1378 της
959 1319 1204 1388 αποὸηαιας
1223 1342 1357 1388 χοονον

95 1395 328 1467 λαμπροῦς
340 1419 594 1485 γενομενους,
614 1421 635 1456 η
620 1390 722 1446 δια
740 1395 973 1491 χρημάτων
991 1417 1153 1455 κτησ-ιν,
1170 1419 1192 1454 η
1176 1388 1278 1445 δὶα
1297 1418 1358 1445 τι-

96 1472 180 1543 μῆς
191 1472 360 1536 ὃοξαν’
323 1511 334 1528 ,
349 1498 372 1534 η
356 1467 462 1524 ὃια
474 1472 674 1529 παιδείας
685 1494 914 1545 μαρτυριαν
925 1508 936 1526 ,
951 1495 974 1531 η
958 1464 1034 1522 δι’
1055 1467 1257 1543 ἀνδρίας
1234 1493 1358 1522 επαι-

96 1608 250 1647 Verum
277 1605 305 1645 sl
328 1605 414 1660 quis
439 1605 592 1659 singulis
618 1605 731 1645 etiam
757 1605 938 1658 gratiam,
972 1616 1091 1658 prout
1114 1604 1253 1644 iustum
1279 1604 1333 1644 est
1349 1637 1362 1652 ‚

94 1667 214 1708 refert
234 1667 428 1720 obligatus
450 1665 662 1713 beneficio,
691 1666 815 1706 multo
844 1666 962 1718 magis
985 1666 1130 1719 patriae
1151 1666 1361 1718 rependere

96 1729 191 1770 iusta
213 1729 410 1770 convenit.
443 1728 595 1768 Etenim
617 1728 740 1768 malae
767 1728 1004 1768 traCtationis
1028 1739 1232 1781 parentum
1258 1726 1362 1779 leges

97 1791 183 1836 sunt
211 1792 250 1831 in
283 1790 530 1832 civitatibus:
565 1803 812 1830 communem
838 1803 966 1830 autem
994 1802 1190 1844 parentem
1223 1802 1362 1842 putare

99 1852 259 1906 patriam
285 1851 492 1899 convenit,
514 1851 554 1892 ὃς
570 1852 739 1904 praemia
760 1865 831 1905 pro
856 1852 1061 1900 alimentis,
1085 1851 1242 1904 ipsaque
1264 1851 1361 1890 adeo

98 1915 230 1968 legum
253 1913 505 1967 cognitione,
524 1914 743 1965 rependere.
765 1913 883 1954 Visus
903 1925 1031 1954 autem
1058 1913 1111 1954 est
1133 1926 1249 1952 nemo
1265 1912 1363 1951 adeo

100 1977 307 2020 immemor
328 1976 495 2030 patriae,
518 1977 587 2029 qui
610 1977 649 2015 in
669 1977 742 2016 alia
755 1977 910 2017 civitate
932 1976 1163 2016 constitutus
1177 1975 1277 2014 illius
1294 1987 1365 2014 cu·

101 2053 183 2080 ram
207 2039 366 2079 abiiciat.
391 2038 464 2078 Sed
485 2050 575 2077 cum
593 2039 639 2085 ii,
655 2038 794 2091 quibus
817 2038 976 2078 adversa
998 2039 1036 2077 in
1058 2037 1365 2091 peregrinatione

102 2101 346 2147 obveniunt,
370 2110 560 2154 perpetuo
579 2101 618 2139 in
636 2101 809 2140 animum
831 2112 1042 2148 revocent,
1066 2101 1278 2138 maximum
1295 2099 1366 2137 bo-

103 2176 244 2204 norum
275 2161 350 2203 effe
380 2162 569 2215 patriam,
603 2172 685 2201 tum
717 2162 858 2215 quibus
895 2160 1058 2201 secunda
1093 2159 1178 2200 sunt
1206 2160 1366 2208 omnia,

103 2226 355 2282 quantumvis
382 2225 536 2278 reliquis
559 2225 672 2265 rebus
704 2225 831 2266 felices
847 2257 859 2274 ,
887 2236 1013 2265 tamen
1042 2224 1118 2262 hoc
1147 2222 1215 2262 fibi
1240 2223 1369 2261 maxi-

105 2302 212 2330 mum
228 2299 364 2342 putant
381 2287 502 2328 deeffe
513 2318 525 2336 ,
537 2288 644 2340 quod
665 2288 823 2341 patriam
845 2284 1244 2333 noninhabitant‚sed
1259 2297 1369 2337 pere-

107 2352 317 2404 grinantur.
343 2348 425 2403 Ipsa
443 2350 546 2389 enirn
577 2351 720 2389 crimen
742 2351 843 2389 hahet
868 2350 1130 2403 peregrinitas.
1155 2348 1216 2388 Ac
1240 2348 1369 2387 videre

108 2412 197 2452 licet
219 2410 347 2466 ipsos,
373 2411 441 2464 qui
468 2411 785 2464 peregrinationis
810 2410 898 2452 suae
922 2422 1124 2464 tempore,
1148 2408 1212 2448 vel
1241 2408 1371 2447 bono-

108 2487 198 2513 rum
225 2472 474 2527 poffeffione‚
499 2472 563 2512 vel
588 2473 785 2512 honorum
811 2472 960 2525 gloria,
988 2473 1053 2512 vel
1067 2471 1293 2512 eruditionis
1315 2482 1372 2509 te-

109 2534 319 2586 stimonio,
340 2534 405 2577 vel
422 2533 533 2579 laude
553 2533 809 2584 fortitudinis,
830 2533 1000 2577 illustrati
1019 2533 1127 2581 sunt,
1148 2533 1187 2575 in
1211 2531 1378 2587 patriam

1058 2595 1079 2636 I
1106 2609 1132 2646 4
