1783 3403
354 265 437 311 ΙΝ
490 263 996 312 MACROBIOS.
1206 274 1301 331 473

48 363 167 403 gnum
187 351 348 405 Bospori
368 352 581 398 affeaetavit,
603 352 643 392 &
663 363 707 392 ut
729 364 777 390 ex
799 350 876 392 hoc
900 352 990 391 loco
1010 350 1217 405 colligitur,
1239 356 1304 393 de-

47 405 210 445 fefflone
237 407 394 446 militum
421 407 468 446 ad
491 406 675 459 angustias
701 406 885 444 maximas
912 405 1104 445 redaekus:
1131 406 1302 446 Asander

47 470 116 497 rex
134 458 296 511 Bospori
322 460 443 499 inedia
467 471 633 499 mortem
655 458 720 497 fibi
742 458 946 507 conscivit,
965 459 1003 497 in
1029 459 1138 498 cuius
1165 459 1299 499 locum

48 513 222 562 regnavit
236 512 478 558 Scribonius,
497 514 562 565 qui
581 513 829 564 expeditionis
851 511 938 551 suae
957 513 998 552 &
1019 513 1123 565 regni
1145 511 1303 550 affefla-

49 564 77 602 ti
94 566 307 617 Augustum
325 567 521 607 au&orem
538 566 802 605 mentiebatur.
828 565 899 605 Sed
922 564 1036 617 paulo
1061 565 1143 617 post
1160 578 1181 604 a
1205 565 1302 605 Bos-

47 619 203 669 poranis
232 619 338 670 ipfis,
355 621 423 672 qui
449 619 577 658 dolum
596 619 933 671 deprehenderant,
955 618 1083 658 caesus
1106 618 1178 665 est;
1201 619 1242 659 δι
1262 620 1301 659 in

45 670 129 711 eius
143 671 270 711 locum
292 673 465 725 regnavit
477 672 655 718 Polemo,
673 685 789 723 quem
802 672 1006 725 Vipsanius
1019 671 1193 724 Agrippa
1209 684 1302 710 con-

49 734 106 762 tra
127 724 367 765 Scribonium
387 727 651 765 adornaverat.
668 725 802 764 PALM.
826 726 915 765 Non
937 737 1032 778 puto
1056 725 1207 765 Graece
1228 726 1300 765 dici

46 776 152 829 poffe
166 777 252 818 τοὺς
276 775 349 817 {avb
375 778 425 829 ’τῇ
446 780 562 833 μάχῃ
587 779 706 818 milites
725 780 760 817 in
779 781 946 831 procinc‘lu
958 781 1096 830 stantes,
1120 779 1182 818 vel
1198 793 1298 830 proe-

45 830 130 869 lium
153 832 221 873 iam
245 832 417 884 ingrqffos,
438 835 545 885 quod
571 832 738 883 postulat
763 832 993 872 Palmeriana
1015 833 1300 884 interpretatio;

45 895 197 937 neque,
215 886 320 937 quod
337 886 568 938 Spanhemio
583 886 752 938 placebat
765 917 776 933 ,
789 885 884 924 Diis.
904 886 927 924 8
939 916 951 933 ‚
969 899 1003 937 p.
1022 885 1098 933 488
1112 915 1125 931 ,
1146 901 1210 924 rem
1231 888 1300 924 mi-

45 937 175 976 litarem
201 939 374 979 Scribonio
399 941 565 980 creditam.
592 940 728 990 Neque
751 941 846 978 bene
873 940 1083 991 iunguntur
1109 939 1198 986 ista,
1222 955 1302 979 cum

43 991 168 1030 videret
188 993 309 1031 milites
322 995 357 1032 in
378 994 503 1043 proelio
522 1010 544 1031 a
555 993 594 1045 ft
611 993 766 1043 deficere,
788 993 900 1032 inedia
918 994 1024 1031 vitam
1039 993 1170 1042 finivit.
1190 993 1297 1032 Bene

43 1044 197 1097 iungas,
213 1061 333 1085 manus
335 1047 402 1099 fibi
422 1047 558 1091 intulit,
581 1047 641 1085 vel
656 1046 753 1085 aliud
774 1046 903 1086 celeris
918 1046 1049 1085 mortis
1064 1058 1194 1097 genus.
1210 1047 1298 1085 Au-

43 1096 111 1139 fim
133 1098 382 1146 confirmare,
405 1113 531 1153 neque
555 1100 614 1139 hic
635 1099 681 1139 de
697 1099 848 1139 fortuna
871 1100 982 1139 unius
1000 1100 1134 1152 proelii
1154 1099 1299 1139 sermo-

44 1163 132 1191 nem
154 1151 252 1199 effe,
271 1166 393 1210 neque
407 1154 549 1194 ostendi
567 1152 692 1204 posse,
711 1154 775 1206 qui
794 1152 843 1192 s1c
867 1153 927 1191 vel
940 1154 1041 1193 aciem
1053 1184 1064 1201 ‚
1081 1153 1142 1192 vel
1155 1169 1218 1191 rem
1234 1154 1298 1192 mis·

43 1205 173 1246 citarem
193 1206 444 1260 descripserit,
465 1207 495 1247 οἱ
509 1203 581 1246 ὑπὸ
599 1205 647 1255 τῇ
663 1208 791 1260 μάχῃ.
817 1206 925 1259 Quid
945 1205 974 1245 fi
992 1207 1105 1259 igitur
1125 1220 1197 1258 pro
1218 1207 1297 1255 μά.-
1314 1218 1320 1228 ·

43 1273 117 1312 χῃ,
135 1260 242 1312 quod
263 1260 438 1313 profe&o
453 1262 529 1300 huc
552 1273 632 1300 non
649 1261 834 1303 convenit
847 1291 859 1308 ,
880 1261 1050 1313 legamus
1070 1259 1191 1313 &ml-73
1212 1261 1295 1299 An-

40 1312 153 1365 gebat
168 1312 293 1354 senem
307 1314 391 1354 τοὺς
405 1310 479 1354 {vrb
494 1313 543 1363 τῇ
559 1313 679 1365 ἀρχῇ,
692 1314 780 1354 cives
786 1313 887 1365 suos,
899 1314 1032 1365 imperio
1036 1314 1105 1365 suo
1113 1314 1295 1365 subieblos‚

41 1367 223 1418 paulatim
249 1367 285 1407 se
302 1367 479 1408 conferre
502 1369 547 1407 ad
568 1367 814 1407 Scribonium
826 1396 837 1413 ‚
853 1366 1056 1407 ventosum
1074 1368 1268 1406 hominem
1282 1398 1296 1416 ‚

43 1419 85 1460 δι
112 1421 300 1463 ementitis
318 1421 483 1475 Augusti
501 1421 688 1474 promiffis
710 1421 910 1467 homines,
935 1420 1035 1460 forte
1056 1419 1168 1473 ipsam
1191 1434 1296 1472 quo-

40 1485 117 1525 que
135 1475 340 1528 coniugem
368 1475 524 1514 Asandri
538 1506 549 1523 ,
568 1474 790 1526 Dynamio,
813 1473 1072 1514 sollicitantem
1085 1504 1096 1521 ,
1115 1475 1220 1526 quod
1241 1473 1297 1513 fa-

39 1527 111 1567 cile
125 1528 279 1581 colligas
292 1541 314 1568 e
326 1527 468 1568 Dionis
480 1529 604 1568 verbis
618 1528 682 1566 lib.
701 1528 803 1574 LIV,
818 1541 852 1579 p.
871 1527 942 1580 538
957 1527 1000 1567 B.
1015 1528 1075 1568 Sic
1095 1539 1197 1568 certe
1219 1541 1293 1580 po-

39 1579 149 1623 suiffe
165 1582 203 1621 in
218 1582 483 1627 translatione,
498 1582 578 1621 fine
591 1581 720 1621 fraude
733 1581 855 1621 fuerit.
871 1581 999 1622 Gnsn.

51 1665 54 1668 .
93 1638 168 1676 ead.
191 1636 215 1674 l.
231 1635 268 1675 6.
284 1636 435 1676 Γόαισος,
449 1635 494 1675 ἑὲ
506 1666 517 1683 ,
545 1634 592 1675 ὥς
612 1648 721 1686 φησιν
739 1634 945 1687 Ἰσίδωρος)
964 1634 1128 1675 Ifidorus
1144 1633 1295 1673 histori-

39 1699 130 1736 cus,
144 1698 189 1728 ut
202 1690 410 1741 occupavit
423 1689 613 1729 Benedia.
630 1700 796 1728 vocatur
810 1688 1054 1728 Characenus
1065 1719 1076 1736 ‚
1089 1689 1176 1740 quia
1188 1688 1294 1727 Cha-

36 1755 124 1782 race
135 1743 320 1783 oriundus
337 1742 424 1783 fuit:
439 1742 499 1783 sed
514 1743 646 1782 deinde
657 1773 669 1791 ‚
683 1755 768 1782 mea
779 1755 826 1782 ex
840 1741 1019 1782 sententia
1030 1772 1041 1788 ,
1056 1742 1291 1783 scribendum

38 1795 226 1844 Ὀμάνων,
245 1798 297 1836 ita
320 1808 363 1836 ut
383 1796 557 1838 Goaesus
584 1797 813 1842 Omanorum,
833 1797 898 1848 qui
917 1797 1111 1848 regionem
1136 1794 1292 1836 Turife-

35 1861 117 1888 ram
135 1850 238 1900 (hoc
251 1851 413 1899 additur,
426 1862 468 1889 ut
482 1850 529 1889 ab
545 1850 625 1889 aliis
639 1849 802 1889 eiusdem
819 1850 982 1889 nominis
996 1849 1146 1901 populis
1168 1848 1293 1892 distin„-

38 1914 228 1955 guantur,
255 1905 456 1957 quomodo
482 1904 523 1944 δι
550 1903 643 1942 Plin.
669 1905 797 1942 Canam
825 1903 979 1955 tunflrae
1006 1903 1147 1954 regionis
1167 1903 1290 1956 dixit)

38 1957 260 2005 inhabitant,
273 1957 385 1998 suerit
399 1970 465 1997 rex
477 1971 489 2006 ;
500 1956 680 2009 totusque
691 1957 801 1997 locus
813 1957 865 1996 ita
880 1957 1086 1996 vertendus
1096 1956 1157 1995 fit:
1175 1956 1291 1995 Geme-

31 2011 98 2062 sus
110 2026 200 2058 veto,
217 2012 337 2064 ffidoti
356 2012 561 2059 Characeni,
576 2023 614 2049 ut
631 2011 697 2063 ipse
718 2022 857 2058 narrat,
875 2024 1027 2063 tempore,
1055 2010 1262 2050 Omanorum
1273 2039 1285 2056 ‚

36 2065 97 2117 qui
114 2067 274 2117 regionem
296 2065 483 2117 Turiferam
496 2065 633 2110 colunt,
655 2080 723 2103 rex.
742 2064 805 2103 Sic
823 2063 944 2103 sensus
959 2062 1202 2109 clariffimus‚
1222 2064 1289 2116 qui

37 2119 185 2171 alioqui
200 2119 336 2159 nullus.
353 2122 399 2159 G.
415 2121 531 2169 Cuper.
547 2117 639 2159 Obs.
651 2118 693 2157 L.
709 2132 733 2164 4
747 2148 756 2162 ‚
770 2131 803 2159 c.
823 2131 836 2156 1
846 2117 879 2156 8.
896 2118 1059 2157 Ama.

92 2175 167 2211 ead.
180 2174 205 2211 l.
221 2172 257 2212 8.
270 2172 465 2224 Ὀμοινῶν)
488 2173 529 2213 In
545 2169 751 2223 impreffisci
768 2172 910 2213 Μάνων.
925 2171 1107 2211 Kusterus
1120 2169 1290 2219 Ὀμσινὶὂν

36 2226 204 2278 reponit,
214 2225 504 2274 Omanenfium,
517 2226 556 2265 δι
571 2226 673 2264 adire
687 2225 789 2266 iubet
803 2225 928 2277 Steph.
942 2225 1104 2276 Byzant.
1116 2237 1154 2263 v,
1164 2225 1290 2274 Ὀμοι-

38 2282 86 2320 νὲι
98 2310 110 2328 ,
126 2280 230 2332 quod
243 2293 318 2332 ego
332 2279 483 2322 secutus
496 2279 589 2319 sum.
602 2279 756 2319 Somne.
773 2279 836 2317 An
849 2279 992 2330 legend.
1007 2279 1172 2328 Ὀμάνων
1191 2279 1288 2329 plur.

37 2334 233 2387 genitivo?
247 2336 388 2386 Menag.
405 2334 506 2373 Idem
522 2334 635 2372 habet
648 2332 796 2384 Guyet.
809 2333 846 2371 in
868 2332 971 2372 notis
991 2332 1074 2371 Mff.
1090 2332 1231 2371 thrz.

90 2391 162 2427 ead.
178 2389 202 2427 l.
220 2400 278 2428 10.
289 2387 502 2440 Βασιλέας)
514 2388 664 2427 Atticos
679 2387 857 2437 antiquos
871 2398 938 2425 eos
958 2384 1063 2425 casus
1086 2386 1289 2426 nominum

35 2442 77 2485 in
92 2451 151 2483 ευς
166 2454 242 2482 non
265 2440 510 2488 contraxisse,
528 2441 635 2480 nimis
657 2440 782 2480 multis
798 2440 856 2479 hic
873 2439 1008 2491 probat
1023 2440 1160 2479 Maius.
1177 2439 1286 2481 Adde

35 2495 182 2538 Graev.
198 2495 243 2533 ad
265 2494 514 2548 Soloec.‚cap.
538 2494 585 2541 8,
605 2494 670 2536 ubi
695 2492 825 2535 ἱνττεῖς
846 2492 1092 2536 soloecismus
1114 2505 1286 2547 pronun«,

33 2549 162 2597 tiatur,
187 2548 326 2592 RElrz.
