1783 3403
422 197 524 243 IN
588 196 706 243 DE
773 197 1094 245 DOMO.
1298 218 1390 270 455

119 284 247 327 Schol.
260 285 446 339 Apollon.
463 288 616 341 Argon.
630 289 704 338 IV,
721 302 840 342 12515,
855 290 901 330 de
922 291 1120 330 Mercurio
1133 291 1174 331 &
1188 292 1363 334 Minerva
1376 325 1392 342 ,

120 339 243 379 Persei
267 341 306 378 in
333 341 408 380 hoe
434 340 538 383 fa&o
560 342 824 391 adiutoribus,
851 343 1092 384 ὑποτίθενται
1118 341 1222 395 αὐτῷ
1242 342 1340 387 οὗτοι
1357 348 1389 388 οἱ

118 393 223 440 θεοὶ,
249 393 349 433 ὅπως
362 394 436 447 ’χρὴ
465 395 533 434 τὴν
549 396 721 445 κεφαλὴν
743 396 951 447 ἀποτεμεῖν
969 399 1293 449 ἀπεστραμμένον·
1318 402 1386 441 καὶ

119 445 345 486 δεικνύουσιν
365 449 400 487 ἐν
416 447 470 497 τῷ
491 449 693 500 κατόπτρῳ
718 450 829 504 (ipso
850 452 1029 490 nimirum
1051 452 1193 504 clypeo
1215 453 1389 504 politiffi—

117 499 207 551 mo)
227 501 292 538 τὴν
319 500 530 549 Μέὸουσοιν,
547 517 581 540 κ.
597 517 634 541 τ.
649 514 686 542 Λ.
714 503 799 556 lpse
819 504 972 545 Perseus
995 517 1124 544 narrat
1142 507 1242 557 apud
1265 506 1386 548 Ovid.

119 551 218 591 Met.
239 553 314 601 IV,
337 555 410 604 781
429 570 437 592 :
454 557 499 594 Se
518 567 627 594 tamen
648 557 828 596 horrendae
851 559 983 610 clypei,
1000 560 1092 611 quod
1109 559 1208 597 laeva
1226 563 1358 611 gerebat
1370 590 1383 608 ,

118 607 213 646 Aere
225 609 406 662 repercuſjb
415 607 566 660 form-zm
576 609 761 662 adspexzffi
778 612 947 663 Medus-'ze
960 612 1035 652 διε.
1058 612 1193 664 Itaque
1212 613 1385 654 omissam

0 671 11 722 ζ
67 691 74 698 ..
118 672 277 721 appetet
295 663 518 713 particulam
533 675 801 715 exceptivam,
828 678 928 717 quae
951 665 1027 705 hoc
1043 664 1144 705 forte
1170 668 1288 706 modo
1314 680 1384 706 ex·

117 714 214 774 pleri
239 717 402 767 poterit,
428 714 505 767 οὐχ
525 714 660 767 ἑώρακέ
672 733 732 756 πω
742 748 755 766 ,
780 719 798 758 ἢ
812 718 867 768 μὴ
880 719 949 758 ἐπὶ
958 717 1025 758 τῆς
1039 719 1220 759 seo-msa.
1251 722 1383 774 Atque

117 778 172 808 ua
193 768 462 821 interpretatus
477 773 569 808 (um.
591 770 718 810 GESN.

171 824 246 862 ead.
257 824 282 861 l.
297 836 329 875 ς.
345 826 392 861 Tb
406 824 639 875 πρόστιμον)
661 825 730 866 Τὴν
747 824 972 865 &veniamne
987 824 1064 866 scil.
1084 825 1249 866 GUYET.

171 879 246 915 ead.
261 877 286 916 l.
300 877 336 916 6.
347 873 439 916 Ἀνω
451 876 516 917 τῆς
534 877 733 930 ἀντίθυρος)
748 879 838 931 Leg.
852 880 1006 919 videtur
1018 879 1082 919 τῆς
1099 881 1304 932 ἀντιθύρου,
1317 879 1383 922 seu

118 930 250 982 potius
276 927 346 969 τοῦ
369 930 568 980 ἀντιθύρου.
604 931 799 983 Ἀντίθυρος
823 932 1076 972 {mammae
1100 946 1172 985 pro
1199 934 1381 984 ἀντίθυρος

118 982 264 1036 τοῖχος.
276 982 377 1024 Infra
392 997 479 1038 pag.
494 984 584 1032 848,
597 985 673 1038 (ed.
687 986 845 1038 Bened.)
861 986 895 1026 ἐς
906 985 951 1026 δὲ
962 991 1024 1026 τον
1038 988 1222 1038 ἀντίθυρον
1237 986 1255 1027 ἦ
1279 986 1381 1030 ἀλλᾶν

117 1036 262 1077 πληθὺς
279 1039 356 1077 ὄις.
380 1039 466 1078 vide
482 1038 625 1078 locum.
641 1039 810 1079 Guur.
833 1038 923 1079 Ἄνω
937 1038 1003 1080 τῆς
1024 1040 1220 1091 ἀντίθυρος,
1235 1041 1381 1082 Ἀθηνᾶς

117 1092 442 1142 retexendum)
452 1092 550 1132 Sane
558 1093 710 1145 quidem
724 1093 807 1146 post
820 1107 959 1134 vocem
974 1095 1122 1133 tertiam
1131 1095 1247 1134 video
1258 1096 1294 1133 in
1308 1096 1381 1134 edi-

116 1144 285 1185 tionibus
298 1147 390 1198 poni
404 1159 565 1199 parvam
580 1146 868 1193 distinfflonem,
883 1161 962 1187 non
974 1146 1080 1187 secus
1095 1161 1139 1187 ac
1151 1147 1178 1187 sl
1194 1149 1278 1187 inde
1292 1148 1380 1202 sup.

116 1211 264 1250 ponere
278 1200 518 1246 deberemus,
532 1200 637 1241 viros
655 1201 805 1249 ἁοᾶὶοε,
823 1203 888 1253 qui
905 1202 968 1240 vel
979 1202 1174 1240 ediderunt
1187 1203 1249 1241 vel
1263 1203 1380 1242 inter-

117 1254 257 1304 pretati
272 1252 371 1300 sunt,
383 1255 420 1293 in
433 1253 589 1294 Graeco
601 1253 773 1294 sermone
786 1253 982 1307 agnovisse
999 1252 1017 1295 ἦ
1032 1254 1192 1306 ἀντίθυς,
1201 1257 1308 1295 cuius
1322 1255 1377 1296 se-

116 1307 244 1347 cunda
261 1308 454 1347 inclinatio
469 1307 567 1347 foret
582 1306 650 1348 τιῖς
662 1307 855 1360 ἀντίθυρος.
883 1308 955 1348 Sed
966 1321 1164 1361 nunquam
1177 1321 1226 1348 eo
1239 1322 1378 1348 vecor-

117 1360 201 1400 diae
220 1362 397 1414 progredi
418 1362 527 1414 potui
541 1393 553 1409 ‚
573 1362 728 1402 credens
748 1363 832 1402 illos
853 1361 942 1401 satis
963 1363 1060 1401 bene
1080 1374 1200 1402 voces
1221 1363 1380 1403 Luciani

118 1413 422 1455 confideraviffe.
444 1415 578 1468 Itaque
590 1429 678 1456 cum
695 1429 793 1468 puer
807 1415 939 1463 effem,
957 1416 1126 1456 insistens
1144 1416 1297 1455 iliorum
1313 1429 1381 1455 ve-

117 1467 234 1522 stigiis
256 1468 385 1509 censui
407 1468 585 1522 seripfisse
616 1469 813 1509 austorem
839 1468 911 1509 ἀνω
933 1484 993 1509 τις
1020 1469 1206 1521 ἀντίθυρος
1229 1469 1376 1510 Ἀθηνᾶς

118 1525 219 1569 rahe,
232 1524 269 1562 in
281 1524 395 1563 mediis
402 1524 542 1577 parietis
552 1524 723 1576 superiore
732 1536 829 1575 parte
845 1525 1012 1576 obverfizm
1026 1525 1106 1577 ostio
1125 1525 1278 1576 templum
1297 1526 1376 1563 Mi-

119 1592 240 1616 nervae
250 1579 393 1630 positum
403 1579 456 1631 est.
474 1577 612 1630 Neque
624 1578 734 1617 huius
748 1578 994 1630 cogitationis
1006 1590 1107 1617 nunc
1120 1579 1306 1629 poenitet,
1326 1591 1377 1618 eo

119 1631 262 1684 magis,
283 1632 389 1684 quod
409 1632 512 1671 hunc
535 1631 665 1671 locum
686 1632 834 1671 videam
858 1632 906 1670 ab
932 1633 1022 1671 viro
1042 1630 1252 1671 doffissimo
1279 1631 1378 1672 infra

118 1683 255 1737 Symp.
266 1697 300 1725 c.
316 1684 338 1724 8
351 1684 402 1726 sic
420 1684 595 1731 metari,
615 1684 721 1738 quafi
734 1685 798 1725 vel
807 1683 882 1723 ἀνω
893 1683 957 1725 τῆς
970 1684 1152 1737 ἀντιθύρου
1167 1696 1233 1725 aut
1246 1686 1376 1737 potius

120 1737 192 1777 τοῦ
215 1739 403 1790 ἀντιθύρου
429 1739 629 1791 legendum
651 1738 761 1779 esset:
788 1752 958 1791 quorum
980 1751 1189 1791 utrumque
1217 1752 1298 1778 non
1323 1739 1378 1778 est

119 1791 292 1832 immune
308 1793 415 1840 vitii;
439 1806 527 1832 curn
550 1805 620 1833 nec
642 1793 746 1846 prius
757 1793 899 1832 bonam
920 1793 1056 1833 efficiat
1069 1791 1290 1832 sententiam
1311 1805 1379 1833 aut

119 1844 297 1897 syntaxin
307 1876 322 1893 ‚
346 1859 416 1886 nec
428 1847 540 1886 etiam
556 1846 758 1899 posterius,
782 1860 869 1886 cum
885 1846 911 1885 st
926 1848 1039 1896 μέσος
1051 1846 1166 1886 fuerit
1179 1845 1380 1897 ἀντίθυρος,

119 1912 202 1940 non
216 1899 328 1940 fuerit
339 1900 484 1940 neceffe
496 1901 531 1939 id
542 1899 670 1940 rursus
683 1901 842 1952 exprimi
856 1915 869 1950 3
890 1899 949 1939 sed
970 1901 1071 1941 re&e
1085 1901 1171 1940 dicit
1190 1901 1228 1939 in
1252 1901 1379 1940 medio

121 1954 263 2005 pariete
274 1953 379 1994 fuiffe
388 1957 464 1994 ,ἀνω
478 1955 605 1994 aedem
619 1955 818 1995 Minervae
828 1954 1019 2005 ἀντίθυρον.
1042 1953 1152 2006 Quin
1165 1954 1275 1993 etiarn
1286 1967 1378 1994 cum

121 2007 199 2047 illic
210 2007 335 2049 scribit
345 2008 534 2050 Lucienus
546 2007 584 2049 ἐς
597 2008 640 2047 A&
650 2012 712 2048 τὶν
725 2007 903 2059 ἀντίθυρον
919 2006 936 2049 ὗ
951 2006 1050 2048 dnn
1059 2008 1214 2056 πληθὺς,
1225 2021 1305 2048 non
1319 2009 1380 2047 de-

120 2061 187 2102 bet
200 2060 361 2115 supponi
374 2062 510 2114 ellipsis
524 2074 596 2114 pro
609 2061 788 2112 ἀντίθυρον
800 2063 944 2116 τοῖχον,
967 2062 1033 2115 qui
1050 2061 1176 2101 nullus
1194 2062 1266 2102 illic
1282 2062 1379 2114 legi-

120 2126 198 2163 tur,
218 2115 279 2156 sed
292 2117 328 2156 ὲς
344 2115 389 2156 δὲ
399 2118 462 2155 τ“ον
479 2115 659 2167 ἀντίθυρον
667 2114 804 2156 scilicet
826 2115 1015 2169 κλιντῆρα,
1033 2115 1185 2168 qualem
1201 2116 1313 2155 alium
1331 2115 1381 2155 act

121 2171 317 2212 dexteram
333 2170 629 2223 ingredientibus
650 2168 880 2221 praeceffiffe
893 2170 970 2210 illic
991 2169 1181 2211 manifeste
1202 2169 1378 2221 legimus.

123 2224 270 2265 GRON.
288 2221 381 2264 ’Άνω
395 2224 462 2263 τοῦ
476 2222 678 2276 ἀντιθύρου)
701 2224 791 2263 Huc
804 2223 923 2276 usque
936 2225 982 2264 de
993 2224 1141 2276 parietis
1153 2224 1274 2262 dextri
1286 2224 1380 2264 ima.-

122 2279 276 2332 ginibus
287 2292 310 2318 a
323 2292 355 2318 c.
376 2292 398 2317 2
407 2291 421 2317 1
438 2291 448 2318 ς
472 2277 598 2330 pergit,
610 2290 715 2318 nunc
726 2279 770 2318 ad
783 2278 949 2318 cubicuii
959 2278 1059 2318 latus
1072 2277 1298 2316 intrantibus
1312 2277 1380 2316 ad-

122 2331 347 2379 ver-surm&
358 2332 465 2384 quod
481 2331 592 2384 supra
603 2332 758 2372 ianuam
772 2332 887 2384 priori
900 2331 1113 2384 oppofitam
1127 2340 1230 2377 erat,
1243 2329 1381 2371 descri-

125 2385 195 2428 bit.
218 2386 320 2426 Vide
331 2398 457 2426 autem
472 2384 594 2436 Ἀλεξ.
605 2398 637 2425 c.
652 2386 713 2432 16,
724 2386 764 2428 δι
778 2391 908 2435 Συμπ.
922 2399 954 2425 c.
967 2385 1004 2430 8,
1021 2385 1225 2437 ubipriore
1239 2385 1275 2423 in
1290 2384 1382 2423 loco

124 2439 273 2480 videbis
284 2443 328 2479 τὸ
343 2439 521 2490 ἀντίθυρον
540 2440 578 2478 in
599 2441 776 2479 omnibus
796 2440 898 2478 libris
919 2439 1053 2479 nostris
1073 2437 1254 2491 scriptum
1273 2439 1383 2477 inve·

126 2493 229 2544 niri3
245 2495 285 2534 in
304 2492 504 2548 posteriori
518 2503 647 2536 autem
659 2494 700 2535 in
711 2492 846 2551 MLQss
859 2492 965 2543 solo;
987 2505 1024 2534 at
1038 2493 1216 2588 Iregiquos
1237 2505 1327 2546 prae
1347 2490 1388 2532 se.
