1783 3403
130 257 198 302 IN
217 252 497 302 CALUMN.
512 252 653 298 NON
670 249 924 296 TEMERE
945 249 1120 295 CRED.
1200 258 1295 315 397

36 347 192 399 querit?
218 345 272 386 At
297 346 386 398 quia
415 346 453 384 in
480 345 672 396 Aristoph.
695 331 1002 392 tamenadditur,
1025 345 1187 385 liberum
1214 346 1295 386 esto

40 400 201 453 legentis
222 400 417 439 arbitrium
431 400 470 438 in
495 412 534 438 re
556 400 698 438 nullius
721 398 916 438 momenti.
935 397 1006 436 Sed
1028 399 1148 449 ἄμφω
1171 398 1297 439 forsan

39 465 122 493 non
132 453 466 493 contemnendum.
482 452 626 491 Rnrz.
1011 451 1014 454 ’

93 516 166 553 ead.
179 514 203 552 l.
217 526 254 564 9.
274 511 392 564 Χεῖρον
406 508 491 551 οὐδὲ
505 510 744 564 ἀδικώτερον)
759 510 969 551 Cleanthus
980 510 1078 562 apud
1091 509 1298 552 stobaeum

40 567 162 608 Serm.
185 567 274 606 XL:
301 570 466 618 Κακουρ)
480 566 596 616 ὁτερον
622 561 726 604 ormi
754 562 936 609 scateo-mie
959 564 1040 602 ἔστι
1067 579 1147 610 πω,
1176 565 1299 616 Aeropa,

42 623 123 675 ’γὰρ
135 617 377 660 &nmio-am
389 622 451 657 ’τὶν
465 618 731 669 πεπεισμένον,
745 616 858 657 mro-oc
877 617 1119 656 ἀναπλάττει
1133 619 1220 668 πρὸς
1235 621 1299 659 τὶν

39 671 148 714 mistui
161 672 290 713 αἴτιον.
310 672 414 711 Nihil
423 671 495 723 fere
513 685 583 710 tam
604 673 646 724 efl
657 672 841 722 malignum
854 700 864 717 ,
884 686 984 723 quam
1002 672 1183 709 calumnia.
1197 672 1298 711 Haec

43 729 130 767 enim
153 727 208 766 ubi
223 726 309 766 clam
327 727 469 778 aliquem
489 726 563 777 ase
577 724 771 776 perfi‘aficm
794 725 938 777 decepit,
958 725 1083 763 Odium
1097 724 1226 763 excitat
1239 728 1303 765 ad.

37 780 173 833 ‘versiam
190 795 285 826 eum,
305 781 363 832 qui
383 779 469 817 nihil
494 781 536 831 est
557 781 776 817 commeritus.
792 777 928 817 TOLL.

97 839 172 878 ead.
189 838 216 876 l.
234 837 349 876 10.’‘H
368 836 535 887 ἀκρίτους
552 836 680 883 τινὰς)
697 835 840 874 Seneca
861 836 907 874 de
927 833 988 873 Ira
1010 834 1072 874 lib.
1093 834 1154 881 ΙΙ,
1174 847 1209 876 c.
1228 849 1298 889 29:

43 894 104 933 De
125 891 276 945 parvula
293 890 428 941 summa
446 890 634 928 iudicaturo
655 889 715 927 tibi
737 905 786 927 res
796 890 871 940 fine
897 889 968 940 teste
991 904 1058 927 non
1079 890 1301 941 probaretur;

45 945 134 998 testis
150 947 226 997 fine
243 944 456 983 iureiurando
477 959 543 982 non
565 943 698 981 valeret.
721 944 862 995 Utrique
877 942 971 994 parti
987 945 1084 980 dares
1103 944 1303 983 advocatio-

44 1015 138 1047 nem,
155 1001 253 1038 dares
273 1009 416 1050 tempus„
437 1013 476 1036 ne
487 997 592 1050 semel
608 997 751 1034 audires.
782 997 907 1048 Magis
928 996 1013 1034 enim
1027 996 1150 1034 veritas
1174 998 1299 1045 elucet,

46 1067 112 1106 quo
120 1051 264 1105 saepius
282 1053 331 1090 ad
347 1066 483 1091 manum
503 1052 604 1089 venit.
621 1051 784 1088 Amicum
799 1051 997 1088 condemnas
1011 1051 1048 1088 de
1059 1050 1305 1102 praefintibus,

47 1118 228 1158 antequam
249 1106 388 1152 auAEas,
417 1117 593 1157 antequam
611 1103 818 1156 interroges?
834 1103 906 1150 illi,
926 1116 1105 1156 antequam
1127 1105 1307 1156 accusato.

46 1175 114 1200 rem
124 1159 229 1212 suum
243 1158 331 1210 noffi
344 1159 464 1205 liceat,
477 1170 539 1196 aut
552 1157 694 1202 crimen,
716 1155 868 1207 irasceris
878 1158 899 1194 ,Ρ
914 1157 1142 1196 Menander:
1159 1156 1201 1196 ‘0
1217 1174 1306 1211 προ-

47 1213 343 1266 καταγινώσκων
361 1211 430 1260 δὲ,
451 1211 532 1263 πρὶν
555 1208 713 1249 ἀκοῦσαι
739 1209 886 1260 σαφῶς,
909 1205 1023 1249 Αὐτὸς
1045 1211 1193 1263 πονηρός
1217 1212 1306 1253 ἐστι

45 1266 270 1308 πιστεύσεις
283 1264 421 1305 κακῶς.
434 1265 572 1304 TOLL.

103 1326 196 1378 Pag.
210 1340 273 1375 40.
289 1327 314 1366 l.
335 1341 369 1380 3.
384 1323 739 1378 Ἀπιιῤῥιισίαστος)
762 1323 868 1363 Idem
891 1323 1032 1364 Seneca
1053 1324 1212 1364 ibidem:
1232 1325 1307 1366 Hic

49 1380 120 1434 ipse
131 1409 142 1428 ‚
162 1381 221 1433 qui
235 1382 284 1420 ad
294 1391 323 1419 te
338 1379 480 1425 detulit,
496 1380 614 1431 desinet
632 1379 757 1424 dicere,
765 1380 803 1429 fi
811 1379 951 1431 probare
971 1379 1129 1416 debuerit.
1149 1380 1235 1418 Non
1248 1382 1305 1432 efl,

52 1434 206 1486 inquit,
223 1436 314 1486 quod
337 1449 386 1473 me
401 1434 603 1487 protrahas:
629 1445 687 1483 ego
708 1433 889 1484 produelus
911 1432 1059 1482 negabo.-
1079 1431 1206 1485 alioqui
1222 1433 1310 1471 nilzil

51 1503 201 1541 unquam
218 1488 277 1526 tibi
291 1489 412 1526 dicam.
426 1488 554 1526 Eodem
573 1498 711 1539 tempore
727 1485 761 1524 6²
780 1486 938 1538 infligat,
958 1485 992 1523 ξ(
1011 1484 1080 1537 ipse
1096 1485 1136 1536 fi:
1154 1488 1306 1525 certami-

50 1544 91 1582 ni
103 1541 138 1580 δ’
151 1554 289 1594 pugnae
305 1540 491 1593 subtrahit.
512 1540 583 1591 Qui
611 1540 713 1578 dicere
730 1539 790 1578 tibi
810 1539 875 1591 nisi
894 1540 980 1578 clam
1002 1555 1069 1578 non
1087 1540 1184 1588 vult,
1201 1555 1307 1593 paene

51 1611 121 1635 non
139 1595 230 1634 dicit.
245 1595 522 1634 Verumtamen
538 1594 603 1633 ubi
621 1591 841 1645 deprehenfi
860 1593 1038 1632 iubentur
1058 1594 1229 1632 incoram
1249 1608 1313 1635 ac-

52 1648 211 1696 cusare,
230 1649 277 1688 ab
297 1648 528 1698 impudentia
548 1647 742 1686 audaciam
758 1658 994 1686 mutuantur.
1009 1646 1079 1686 Uti
1093 1646 1247 1699 Apelles
1261 1647 1314 1688 fe-

53 1704 130 1748 cit,
150 1715 236 1742 cum
252 1715 274 1741 a
287 1701 462 1755 Philippo
477 1702 623 1741 delatos
645 1699 736 1740 falso
758 1701 902 1739 Aratos
921 1711 1123 1751 cogeretur
1141 1701 1313 1753 praesen·

53 1768 111 1797 tes
123 1769 295 1809 arguere.
307 1755 477 1796 Historia
490 1755 542 1794 est
553 1756 652 1807 apud
666 1753 806 1805 Polyb.
821 1754 882 1793 lib.
899 1753 968 1792 IV.
979 1753 1114 1793 Tou..

108 1816 184 1853 ead.
198 1815 221 1853 I.
241 1828 272 1865 5.
286 1813 346 1866 Ἐξ
369 1811 568 1865 ἀφανοῦς)
592 1812 757 1852 Alcaeus
773 1824 782 1851 :
802 1811 858 1861 τῷ
875 1809 913 1850 δ’
926 1811 1159 1863 ἀφανεῖπᾶς
1175 1809 1314 1854 ἕπεται

57 1867 184 1915 Σόλος,
201 1867 341 1920 obscura
359 1869 470 1920 quivis
486 1868 664 1906 comitatur
674 1868 781 1905 dolus.
796 1865 932 1904 Tou..

110 1926 188 1964 ibid.
204 1924 364 1976 Τοξεύων
378 1925 394 1977 )
409 1925 463 1964 Ut
480 1923 590 1963 Nisus
605 1924 704 1976 apud
720 1922 930 1976 Virgilium
948 1923 1014 1962 lib.
1033 1923 1110 1962 Vll
1127 1924 1223 1964 Aen.
1238 1926 1316 1965 Un-

58 1978 106 2019 de
119 1979 238 2018 Saevit
251 1991 354 2018 atrox
371 1980 405 2016 V
403 1978 543 2030 olfiens,
563 1993 620 2017 nec
634 1978 690 2016 teli
703 1977 864 2031 conspicit
877 1976 1018 2030 usquam
1034 1980 1208 2017 Auflorem
1222 2008 1233 2026 ,
1257 1995 1313 2018 nec

54 2033 169 2087 'quase
181 2036 300 2073 ardens
318 2032 487 2072 immittere
504 2034 612 2085 poffit.
627 2032 764 2071 TOLL.

113 2091 192 2131 ibid.
207 2091 270 2130 Ὡς
283 2090 384 2140 [anst
409 2089 723 2142 ἀντιτάξασῇαι)
747 2089 885 2130 Verte:
900 2101 940 2128 ut
953 2103 1012 2128 nec
1030 2105 1073 2128 ex
1085 2088 1224 2141 adverso
1238 2107 1319 2131 con-

49 2146 161 2199 fistere
170 2175 185 2192 ,
206 2161 265 2184 nec
279 2158 459 2198 repugnare
471 2147 575 2183 detur.
589 2144 725 2184 TOLL.

115 2208 188 2245 ead.
203 2206 227 2244 l.
243 2203 339 2244 8.“0
354 2204 540 2258 μέγιστόν
557 2205 642 2245 ἐστι
659 2202 832 2257 σημεῖον)
850 2203 908 2242 Ita
923 2205 964 2244 &
981 2202 1184 2244 Caffander
1201 2205 1320 2245 Alex·

63 2259 184 2299 andro
198 2259 359 2298 nimium
373 2257 473 2298 facili
486 2258 530 2297 ad
543 2259 746 2298 credendas
762 2259 807 2296 de
822 2269 926 2308 patre
940 2258 1022 2297 eius
1035 2258 1242 2310 Antipatro
1261 2272 1321 2298 ca.

65 2312 230 2352 lumnias
241 2311 430 2364 respondit
441 2343 452 2360 ‚
470 2310 580 2352 τοῦτο
597 2308 688 2350 αὐτὸ
705 2311 855 2361 σημεῖον
871 2308 963 2351 εἶναι
983 2309 1050 2351 τοῦ
1064 2313 1321 2360 συκοφαντεῖν,

64 2365 124 2405 ’ότι
139 2367 292 2419 μακρὰν
313 2362 440 2410 ῖὶκουσι
455 2365 527 2411 τῶν
549 2366 740 2419 ἐλέγχων,
759 2365 820 2417 effi
840 2365 879 2403 id
895 2364 1004 2416 ipsum
1023 2365 1208 2404 calumniae
1231 2367 1321 2404 indi-

67 2421 177 2467 cium,
197 2421 288 2472 quod
302 2421 422 2472 procul
441 2421 694 2473 probationibus
714 2418 897 2471 ventffent:
920 2429 962 2458 ut
983 2418 1036 2459 est
1063 2419 1162 2472 apud
1182 2419 1322 2459 Plutar-

67 2474 181 2514 chum
201 2475 238 2513 in
259 2474 339 2513 eius
354 2475 445 2513 vita.
460 2473 596 2513 Tor-1..

121 2533 195 2571 ead.
207 2531 232 2571 l.
248 2543 306 2574 10.
326 2531 384 2573 Εἰς
410 2534 454 2572 τὸ
474 2534 627 2585 φρινερὶν
651 2530 829 2585 Σιελέγχ
835 2530 886 2584 ει)
906 2530 1045 2572 Cicero
1064 2543 1138 2584 pro
1163 2529 1323 2578 Caelio,
