1835 3408
506 196 599 244 4μ
701 184 1570 235 ANNOTATIONES

559 274 633 311 ead.
649 273 673 311 l.
691 287 705 312 1
719 275 910 314 ῐ.Ποἰντες
922 273 954 312 οἱ
968 273 1050 327 περὶ
1069 289 1111 312 π.
1127 271 1302 326 ἔχοντες)
1320 273 1442 314 Nimis
1462 285 1590 326 aperte
1605 273 1767 324 falsu-m,=

507 342 618 365 omnes
640 327 834 367 literarum
854 326 1036 368 studiosos
1060 326 1274 378 longaevos
1293 327 1408 367 fuiffe.
1433 328 1614 381 Suspicor
1633 330 1763 381 itaque

507 379 707 432 legendum
731 384 900 429 πάντως,
919 393 999 433 quo
1023 380 1211 419 adverbio
1225 380 1397 420 ostendat
1417 381 1572 428 aanor,
1586 395 1664 422 non
1679 383 1762 436 phi·
1821 386 1835 426 ‚i

506 433 689 486 losophos
703 436 820 474 modo
834 436 996 474 arfflore
1008 434 1259 486 appellatione
1270 434 1322 472 ita
1337 435 1455 474 dicios
1467 465 1480 481 ‚
1498 447 1634 475 verum
1652 437 1762 475 omni-

509 503 552 526 no
564 502 580 534 ‚·
600 488 663 526 vel
685 489 720 526 in
745 488 933 540 universum
959 488 1135 527 homines
1165 487 1357 537 literatos,
1377 487 1414 527 se
1437 501 1766 529 commemoratu·

506 554 607 581 rum.
624 542 663 581 Si
679 553 805 581 tamen
822 553 972 581 mutare
993 542 1077 593 quis
1091 540 1181 594 quid
1202 541 1368 588 dubitet,
1388 541 1510 593 potest
1526 543 1682 582 πάντας
1701 541 1763 582 su·

509 607 614 634 mere
628 595 841 640 παντοίους,
857 606 898 634 ut
911 593 1042 635 πᾶσαν
1057 595 1154 634 νόσον
1167 593 1306 634 sanaffe
1318 594 1516 635 Dominus
1534 595 1661 635 noster
1673 595 1765 637 dici-

509 659 575 687 tur
594 649 775 687 Matthaei
795 649 868 696 lv,
892 662 937 701 23
962 649 1037 688 διε.
1063 647 1190 687 GESN.
1563 663 1566 665 ·

561 705 634 740 ead.
653 705 676 740 l.
697 716 752 749 ¹4-
770 701 1075 754 Ἱστορουμένους)
1089 702 1210 741 Audis
1230 700 1473 754 profitentem
1487 701 1550 748 ,se
1573 701 1766 743 diaurum

510 756 559 794 de
583 755 816 807 philosophis
832 756 1004 807 longaevis
1024 755 1301 805 ἱστορουμένοις,
1321 756 1426 807 quod
1449 756 1512 795 hic
1537 756 1625 796 ideo
1646 757 1693 796 de
1719 755 1768 797 iis

508 809 678 861 intelligo
690 838 700 855 ,
716 810 782 861 qui
805 821 852 848 ex
874 809 1028 848 historia
1053 808 1124 847 iam
1141 809 1367 857 nouerant,
1386 810 1475 862 quia
1491 809 1771 859 Demonaffls,

507 875 622 914 quem
641 863 844 902 mirabatur
857 863 1058 908 Lucianus‚
1077 862 1180 901 nulla
1196 863 1354 910 mentio,
1372 875 1462 902 cum
1478 874 1602 903 tamen
1616 863 1662 902 ad
1675 875 1770 903 cen-

510 915 684 955 tesimum
707 916 824 955 ferme
849 929 991 956 annum
1007 917 1126 955 vitam
1145 916 1378 968 produxerit.
1401 922 1548 965 Δημων.
1565 930 1598 956 c.
1612 917 1674 970 63.
1690 915 1769 956 Im·

511 982 578 1009 mo
595 971 632 1008 in
649 971 753 1009 vivis
773 970 921 1018 adhuc,
943 982 1031 1009 cum
1050 970 1144 1008 haec
1167 969 1372 1009 aLuciano
1392 968 1657 1018 scriberentur,
1679 968 1770 1010 fuis-

510 1022 548 1062 se
570 1023 755 1064 existimo.
776 1022 931 1063 SOLAN.
962 1022 1196 1074 Ἱστοροὺμ-
1218 1022 1363 1077 scripsit
1387 1023 1518 1064 Solan.
1538 1023 1664 1065 nescio
1675 1036 1772 1064 num

512 1076 603 1116 casu
618 1108 629 1123 ,
644 1091 690 1117 an
705 1079 750 1117 de
765 1078 953 1117 industria.
971 1078 1118 1117 Rmz.

566 1132 646 1170 ibid.
664 1133 890 1182 Δημόκριτος
899 1132 966 1180 μὲν
979 1131 994 1170 ὁ
1008 1130 1131 1183 Ἀβὸ.)
1147 1129 1234 1182 Qui
1253 1130 1381 1170 omnia
1393 1129 1557 1180 ridebat,
1577 1143 1779 1185 quemque*

514 1184 654 1224 Noster
671 1185 825 1225 viciffim
849 1186 942 1224 ridet
962 1186 999 1224 in
1016 1186 1097 1224 Vit.
1116 1185 1230 1224 Auet.
1248 1197 1281 1224 c.
1301 1197 1361 1238 13,
1374 1197 1492 1237 quem
1514 1185 1626 1227 tories
1644 1184 1772 1226 laudat

514 1238 661 1279 Aelian.
678 1240 779 1279 &V.
794 1241 843 1279 H.
858 1239 933 1288 IV,
949 1252 1015 1285 20,
1033 1239 1074 1279 δι
1089 1239 1134 1278 de
1150 1251 1212 1278 an.
1232 1237 1329 1285 XII,
1347 1251 1430 1291 cap.
1450 1238 1521 1284 16,
1538 1251 1597 1288 17,
1616 1238 1684 1286 18,
1702 1254 1777 1293 19,

516 1306 589 1338 20,
609 1294 688 1332 eius
711 1292 849 1345 absque
876 1293 996 1332 dubio
1015 1292 1191 1346 scriptum
1215 1292 1300 1344 περὶ
1325 1292 1473 1343 φύσεως
1491 1293 1530 1331 ἰη
1549 1293 1682 1333 animo
1707 1293 1775 1333 ha·

515 1346 618 1386 bens.
642 1347 703 1385 Ab
718 1348 954 1400 Hippocrate
980 1346 1180 1386 liberatum
1207 1345 1368 1394 insania,
1387 1346 1547 1386 relatum
1567 1346 1605 1385 in
1627 1345 1775 1387 fabulas

517 1401 565 1439 ab
585 1401 842 1447 chmanno,
861 1402 897 1439 in
914 1401 999 1440 Aet.
1019 1399 1152 1440 Philos.
1176 1411 1272 1452 part.
1291 1399 1362 1448 lv,
1377 1414 1414 1453 p.
1428 1400 1518 1450 670.
1534 1400 1694 1440 MAms.

570 1456 643 1492 esd.
657 1456 679 1492 l.
699 1468 711 1492 1
725 1467 755 1505 5.
771 1455 962 1505 Τεσσίιρων
987 1455 1049 1493 καὶ
1064 1454 1198 1505 enar.)
1215 1453 1299 1492 Alia
1317 1453 1363 1493 de
1384 1454 1498 1493 huius
1523 1466 1649 1494 morte
1672 1454 1778 1494 fama-

516 1507 569 1546 est
584 1510 681 1559 apud
698 1508 812 1560 Diog.
829 1509 955 1547 Laert.
970 1521 1052 1560 pag.
1072 1508 1145 1556 248
1162 1508 1204 1546 Β.
1219 1507 1316 1558 apud
1335 1519 1449 1559 quem
1464 1507 1577 1547 etiam
1593 1508 1772 1548 mendum

519 1560 593 1599 effe
616 1563 654 1599 in
677 1562 865 1608 numeris,
890 1562 955 1601 ubi
977 1561 1039 1614 pff,
1054 1575 1125 1614 pro
1144 1560 1215 1614 ρδᾚ
1231 1561 1384 1612 legitur,
1397 1563 1547 1601 monuit
1561 1561 1749 1601 Meursms
1761 1593 1781 1610 ,.

518 1614 585 1665 qui
600 1614 780 1654 observat
803 1627 1029 1668 corruptum
1046 1616 1160 1654 etiarn
1179 1614 1420 1661 Diodorum,
1441 1628 1530 1655 cum
1552 1628 1673 1656 annos
1693 1626 1776 1655 tan-

518 1678 602 1706 tum
628 1668 700 1708 XC
717 1670 837 1708 eidem
861 1669 1096 1708 Democrito
1111 1669 1242 1708 tribuit
1260 1669 1300 1710 L.
1317 1668 1430 1707 XIV.
1454 1669 1501 1708 Et
1526 1669 1624 1708 male
1643 1669 1776 1709 referri

518 1721 558 1760 in
576 1721 721 1762 Cliton.
739 1723 851 1763 Alex.
875 1723 921 1762 ad
934 1723 998 1763 Ol.
1011 1723 1085 1763 CV
1102 1735 1242 1762 annum
1262 1722 1488 1770 secundum,
1513 1723 1589 1763 vid.
1606 1723 1778 1764 Laclant-

520 1787 606 1828 pag.
625 1776 712 1830 298.
735 1778 891 1816 SOLAN.

575 1832 647 1868 ead.
663 1832 687 1869 l.
704 1832 762 1870 16.
782 1833 980 1882 Ξενὸφιλος
999 1852 1043 1859 -
1059 1830 1173 1871 πέντε
1195 1830 1257 1868 καὶ
1272 1829 1430 1882 haam)
1451 1830 1498 1870 Et
1524 1830 1675 1884 quidem
1698 1830 1784 1873 sine

520 1882 602 1922 ullo
618 1885 793 1937 corporis
806 1884 1074 1924 incommodo:
1097 1884 1204 1936 quod
1224 1883 1430 1924 solitarium
1453 1883 1552 1930 effe,
1572 1885 1613 1924 &
1633 1885 1676 1924 id.
1690 1883 1778 1925 soli-

522 1938 660 1976 tarium
677 1938 831 1991 reperiri
844 1938 1078 1991 exemplum,
1091 1939 1144 1977 ait
1157 1937 1248 1977 Plin.
1265 1939 1439 1978 MENAG.
1461 1938 1566 1978 Idem
1581 1939 1627 1979 de
1640 1951 1690 1979 eo
1702 1950 1779 1978 tra-

521 1990 575 2028 dit
590 1991 678 2031 Val.
699 1993 803 2032 Max.
819 1992 938 2040 VIII,
957 2006 970 2030 1
981 2007 1026 2039 4,
1041 1993 1280 2044 eundemque
1296 1992 1566 2032 Aristoxenum
1579 1992 1777 2033 auQOrem

523 2043 653 2094 affert,
675 2046 721 2085 de
742 2060 822 2098 quo
850 2047 937 2085 vide
961 2045 1189 2086 Ciceronem
1216 2045 1372 2087 Tuscul.
1396 2046 1437 2094 1,
1465 2059 1534 2092 10,
1560 2047 1599 2086 δι
1624 2047 1662 2085 in
1683 2059 1775 2086 eum

521 2100 671 2139 emend.
700 2100 882 2148 Bentleii,
906 2100 966 2139 cui
989 2099 1229 2139 illustrandae
1261 2101 1379 2139 miror
1409 2112 1488 2139 non
1509 2099 1584 2139 effe
1613 2100 1778 2140 additam

522 2152 718 2206 scriptoris
739 2164 912 2193 aetatem.
926 2154 1037 2192 Vixit
1053 2166 1181 2193 autem
1205 2155 1305 2194 circa
1326 2153 1487 2206 Olymp.
1501 2153 1621 2193 CXII.
1641 2154 1685 2193 In
1698 2154 1777 2207 Py-

525 2207 800 2260 thagoreorum
828 2209 947 2248 indice
978 2218 1206 2260 comparet,
1228 2221 1343 2260 quem
1372 2209 1420 2247 ab
1449 2207 1660 2248 Iamblicho
1685 2220 1779 2248 con-

524 2261 721 2300 cinnatum
740 2262 944 2309 habemus,
966 2261 1009 2301 &
1033 2263 1131 2301 inter
1145 2261 1362 2314 Cyzicenos
1374 2261 1604 2307 recensetur,
1623 2275 1707 2314 pag.
1719 2262 1778 2304 ed.

527 2314 637 2354 Kust.
654 2316 726 2354 218
740 2329 752 2364 3
770 2329 858 2355 cum
878 2316 990 2362 alibi,
1006 2316 1081 2355 N0.
1095 2330 1140 2368 25
1151 2329 1185 2362 ι,
1200 2315 1484 2356 Chalcidensem
1499 2315 1654 2354 dixisset.
1666 2315 1777 2368 Quin

524 2367 604 2420 ipse
626 2368 867 2421 Pythagoras
883 2369 975 2409 CIV
1001 2382 1123 2409 annos
1148 2369 1279 2409 vixiffe
1303 2370 1474 2409 traditur.
1496 2370 1598 2409 Vide
1618 2369 1775 2409 Photius

526 2422 627 2461 Cod.
647 2422 851 2463 CCXLIX.
875 2424 1032 2464 SOLAN.
1054 2423 1207 2463 Praeter
1230 2424 1318 2464 Val.
1346 2424 1451 2464 Max.
1475 2422 1591 2470 VIII,
1618 2437 1684 2476 ¹3³·
1701 2423 1777 2465 vid.

528 2475 623 2516 Plin.
642 2477 743 2526 VII,
765 2492 832 2532 50,
855 2478 1111 2519 &Aeliamde
1124 2491 1183 2518 an.
1205 2477 1261 2529 ΙΙ,
1287 2491 1348 2524 u,
1370 2491 1405 2532 p.
1424 2477 1487 2533 87.
1501 2477 1660 2518 MAmS·
