1835 3408
488 105 579 169 5½
688 98 1563 152 ANNOTATIONES

481 198 686 244 peccatum
706 189 813 230 fuiffe
838 190 973 230 nullibi
995 190 1107 243 lego,
1130 189 1270 231 cavisse
1296 202 1423 230 tamen
1443 190 1628 229 videntur
1649 189 1759 242 Apo-⁴
1794 171 1835 221 Μ

484 242 571 282 stoli
586 273 595 290 ‚
617 256 664 281 ne
687 245 972 284 committerent
987 275 997 289 ,
1022 258 1064 283 ut
1085 245 1173 284 huic
1201 245 1346 283 crimini
1371 256 1541 296 unquam
1560 243 1628 294 ipsi
1678 254 1759 282 ate·
1800 239 1835 313 3⁰¹?

483 307 595 343 rent,
618 309 729 345 cum,
747 297 962 338 mensarum
985 309 1005 336 a
1025 297 1060 336 se
1085 299 1259 347 ablegata
1274 311 1391 345 cura,
1415 297 1524 336 verbi
1555 296 1622 336 fibi
1657 298 1758 336 elius

486 350 736 391 ministerium
758 351 1021 398 reservarunt3
1053 351 1327 403 Eccletiitque,
1352 362 1392 389 ut
1414 350 1481 390 sibi
1506 352 1616 390 viros
1640 363 1758 402 quam

489 403 778 455 probatiffimos
804 406 839 442 in
863 417 945 443 eam
971 417 1049 444 rem
1076 418 1253 457 quaeque
1286 405 1561 455 praeficerent,
1584 404 1762 443 austeres

488 457 659 502 fuerunt.
673 459 722 497 V.
737 457 825 498 Αᾶ.
840 458 910 497 VI.
925 458 977 497 V.
991 458 1090 498 Cels.
1103 459 1204 510 apud
1223 458 1334 510 Orig.
1347 458 1364 497 I
1379 487 1390 506 ‚
1404 457 1426 498 8
1438 489 1449 506 ‚
1465 459 1507 499 δι
1520 457 1620 499 Cav.
1639 456 1762 498 Praef.

489 524 513 550 a
532 526 565 564 3.
589 511 747 551 SoLAN.
1807 496 1835 552 Eu*

545 569 619 605 ead.
633 567 655 603 l.
673 566 708 604 6.
732 560 878 604 Αὗτίκοι
895 564 1008 614 μάλα
1029 564 1064 604 ἐν
1082 564 1248 618 βραχεῖ)
1268 565 1398 605 Nemo
1419 577 1500 605 non
1524 563 1648 613 videt,
1665 562 1761 604 istud
1807 550 1835 591 ⁰b‘

490 618 525 665 ἐν
545 618 689 672 βραχεῖ
705 618 809 673 ρρίῖε
823 618 897 658 effe
914 617 1093 671 gloffema
1108 619 1174 657 τοῦ
1196 617 1342 659 αὐτίκα
1359 617 1485 669 μάλα·
1501 617 1562 658 sed
1586 628 1629 662 ut
1646 618 1767 659 Grae-
1810 616 1835 646 (θ’

491 673 526 711 ci
548 672 679 712 dicunt
702 674 750 710 ιιι)
775 672 911 719 πάλιν,
935 672 976 712 &
997 672 1110 717 βάσκ’
1132 672 1178 713 ὶΘι
1203 673 1278 712 &c.
1304 673 1356 713 ita
1379 673 1455 714 hoc
1477 684 1639 727 quoque
1668 671 1765 713 stare

490 725 629 779 potest.
653 726 810 765 FABER.

546 782 620 819 ead.
640 780 663 818 l.
678 794 714 831 7.
727 779 914 820 ’machetam
933 778 1129 831 ἀνθρώποις
1149 778 1355 833 ἐγχανὼν)
1376 778 1595 832 Simplicibus
1619 779 1766 819 homini·
1833 780 1835 790 ¹

492 832 558 872 bus
583 834 722 873 inhians
736 863 747 881 ‚
767 834 817 874 ait
847 834 1117 887 interpolator,
1140 832 1201 873 sed
1222 835 1334 886 plane
1354 833 1584 885 simpliciter.
1599 833 1766 874 Vertere
1832 833 1835 838 ’

492 887 595 931 enim
623 888 832 934 debuerat,
855 889 1025 941 fimplices
1052 887 1200 927 homines
1222 888 1378 928 illudens.
1408 888 1467 927 lta
1489 884 1767 940 Aristophanes

495 940 531 981 ἐν
549 941 752 990 Νεφέλαις,
773 941 906 982 Μάτην
928 942 1006 990 ἐμοὶ
1030 941 1312 989 κεκλαύσεται,
1333 940 1380 980 σὺ
1396 940 1436 980 ‘3⁸‘
1453 940 1636 996 ἐγχανὼν
1648 939 1771 982 τεθνή-

495 994 567 1045 ξει·
588 1009 671 1048 quo
690 995 782 1039 loco
800 995 910 1048 quia,
932 994 960 1034 fi
981 994 1064 1034 satis
1080 995 1255 1042 memini,
1279 995 1332 1036 nil
1347 995 1522 1038 Graecus
1536 994 1769 1036 Scholiastes

494 1049 640 1091 dixerat
653 1079 664 1097 ‚
683 1049 845 1102 turpiter
868 1061 967 1089 vero
988 1048 1024 1091 se
1047 1048 1144 1088 dedit
1165 1049 1401 1089 Nicodemus
1424 1048 1677 1095 Frischlinus,
1695 1062 1769 1090 tum

494 1117 597 1156 (teque
611 1119 634 1142 a
656 1104 863 1156 mcflebitur,
880 1115 917 1145 tu
938 1118 1016 1142 vcro
1032 1103 1180 1143 morieris
1199 1118 1253 1143 ore
1270 1104 1392 1143 hianti.
1416 1103 1480 1142 Bis
1503 1113 1649 1154 peccat.
1664 1103 1768 1143 Ver·
1834 1148 1835 1153 Ἰ

494 1167 554 1196 te:
573 1156 703 1209 frustra
723 1172 781 1211 ego
803 1169 876 1195 tum
891 1159 1042 1209 flaevero,
1064 1169 1102 1196 tu
1125 1159 1210 1196 enim
1237 1173 1286 1198 me
1306 1156 1409 1209 illuso
1429 1157 1588 1202 morieris.
1613 1157 1766 1200 Locum
1834 1162 1835 1167 ’

493 1209 614 1262 ipsum
639 1211 742 1250 adire
757 1224 898 1262 operae
913 1211 1079 1263 pretium
1096 1211 1179 1250 erit.
1199 1210 1299 1250 Eum
1321 1210 1348 1250 fi
1372 1209 1515 1262 legiffet
1537 1211 1588 1250 H.
1609 1210 1769 1264 Stepha-
1829 1213 1835 1241 ί

494 1277 590 1312 nus,
615 1277 698 1304 non
720 1264 929 1305 credidisset
952 1263 1250 1317 Lexicographis
1269 1264 1492 1318 quibusdam
1515 1265 1615 1305 male
1640 1266 1770 1305 conci-

493 1318 596 1358 liatis
607 1349 618 1368 ‚
642 1319 762 1359 immo
777 1332 847 1358 eos
862 1317 1066 1358 refutaffet.
1080 1318 1263 1359 Ceterum
1280 1332 1359 1360 non
1375 1319 1437 1359 hic
1455 1329 1604 1359 tantum
1625 1331 1668 1358 ea
1682 1332 1767 1361 vox

495 1371 550 1411 est
565 1373 613 1411 ab
632 1372 890 1425 Aristophane
912 1371 1092 1425 usurpata
1106 1401 1118 1418 ,
1139 1373 1200 1412 sed
1221 1373 1260 1412 in
1274 1371 1449 1413 Ἱππεῦσι
1468 1385 1628 1426 quoque
1645 1374 1770 1414 tribus
1834 1382 1835 1398 ¹

494 1437 586 1473 ante
607 1426 678 1467 ast.
695 1428 731 1465 V
750 1426 945 1466 versibus:
968 1449 1012 1455 -
1031 1426 1270 1480 ἐγχανεῖται
1287 1425 1336 1476 τῇ
1349 1425 1478 1474 πόλει,
1495 1449 1538 1456 -
1553 1429 1665 1467 urbem
1684 1428 1770 1467 illu-

488 1479 576 1533 serit
585 1495 602 1528 ;
624 1481 692 1520 ubi
712 1479 840 1520 Schol.
863 1479 1092 1532 ἑνυβρίσειεν.
1105 1481 1250 1520 Iterum
1272 1483 1308 1520 ἐν
1324 1479 1485 1532 Σφηξίν·
1499 1479 1538 1519 K'
1554 1477 1618 1520 οὐκ
1637 1480 1771 1535 ἐγχει-

494 1533 619 1574 νεῖτοιι
638 1557 682 1564 -
710 1533 935 1575 Scholiastcs
958 1535 1181 1588 ἐγγελάσῃ.
1210 1534 1268 1573 Ita
1287 1536 1392 1574 enim
1418 1533 1613 1588 usurpaffe
1634 1537 1677 1572 τὸ
1701 1536 1771 1589 ἐι)-

496 1588 665 1641 wgo-new
692 1589 870 1628 arbitror.
891 1589 1018 1627 Locus
1046 1601 1127 1627 non
1155 1587 1349 1628 succurrit.
1370 1588 1554 1631 Ceterum
1586 1589 1772 1641 interpre-

494 1637 573 1681 tem
594 1642 819 1695 depravavit
837 1642 1112 1695 interpolator3
1127 1642 1188 1682 ille
1203 1643 1304 1682 enim
1321 1641 1467 1684 sensum
1486 1643 1644 1685 viderat.
1661 1645 1772 1697 Quip-

491 1709 536 1748 pe
558 1696 638 1750 qui,
672 1697 750 1744 ait,
787 1697 958 1736 hominum
991 1697 1174 1736 idiotarum
1186 1697 1403 1750 fimplicitate
1434 1698 1530 1741 abuti
1557 1709 1670 1750 queat.
1695 1698 1768 1738 Eat
1820 1742 1821 1746 Ἰ

496 1762 601 1795 nunc
614 1751 817 1798 iuventus,
837 1750 879 1790 δι
903 1749 1090 1803 speciosae
1111 1750 1298 1790 librorum
1322 1750 1439 1794 fronti
1458 1751 1597 1791 credat.
1611 1751 1769 1795 FAmzn.

547 1805 628 1844 ibid.
642 1804 860 1859 Ἐγχοινὼν)
875 1803 1088 1844 Credebam
1111 1805 1203 1843 olim
1214 1835 1227 1851 ,
1241 1805 1377 1848 eodem
1393 1804 1501 1849 sensu
1514 1805 1576 1846 hic
1599 1804 1771 1860 usurpas·
1781 1814 1791 1821 “

495 1856 534 1898 se
545 1887 556 1905 ‚
578 1871 662 1911 quo
677 1864 721 1898 N.
741 1864 788 1898 Δ.
803 1859 861 1901 Vl
876 1858 1087 1910 ἀλλοτρίοις
1105 1859 1340 1911 ἐπιχαίνετε
1355 1859 1449 1898 dixit
1460 1891 1472 1908 ,
1485 1858 1527 1902 &
1544 1859 1603 1899 hic
1617 1859 1771 1912 ἐπιχαι-

496 1911 561 1954 ιιὼν
585 1912 822 1954 scribendum
846 1912 939 1960 effe3
964 1911 1024 1951 sed
1040 1914 1308 1953 emendatione
1327 1926 1430 1964 opus
1450 1926 1531 1952 non
1556 1912 1621 1954 est.
1643 1915 1771 1961 Vide,

525 1966 588 2005 uid
603 1979 648 2006 ex
666 1966 926 2020 Aristophane
941 1967 990 2005 ad
1011 1979 1095 2006 eam
1115 1980 1195 2006 rein
1214 1967 1447 2007 attuleritT.
1463 1967 1598 2015 Faber,
1622 1969 1662 2011 c&
1676 1981 1770 2008 con-

497 1979 555 2067 ?er
569 2024 688 2060 Μισὲτ.
704 2034 785 2073 cap.
805 2034 852 2068 14
867 2052 878 2070 ,
899 2020 1034 2060 ἄπεισί
1049 2036 1104 2060 σοι
1123 2021 1259 2069 miae-tia
1277 2021 1475 2075 ἐγχανὼν,
1491 2021 1668 2063 εωυηὲὶει
1691 2020 1769 2064 scil.
1828 2046 1829 2050 =

497 2075 668 2127 pecunia.
694 2075 854 2116 SOLAN.

552 2131 628 2168 ead.
652 2129 678 2169 l.
700 2142 759 2169 11.
782 2124 880 2168 023st
900 2127 965 2169 τῆς
990 2126 1212 2182 κολάσεως)
1234 2129 1474 2169 Humanitati
1498 2127 1680 2173 Praefidis
1705 2129 1770 2172 tri·
1834 2149 1835 2154 =

497 2181 579 2221 buit
593 2213 605 2230 ,
629 2183 737 2236 quod
768 2182 924 2223 fortass'e
958 2183 1141 2236 rescripto
1174 2183 1419 2236 Imperatoris
1454 2183 1588 2224 referri
1625 2183 1766 2223 debuit.

499 2235 670 2329 SConsule
689 2236 825 2277 Enseb.
851 2237 921 2285 lv,
943 2251 1005 2291 13,
1027 2239 1096 2290 qui
1123 2237 1214 2280 mihi
1237 2239 1283 2277 ad
1307 2250 1463 2278 manum
1480 2249 1584 2278 nunc
1599 2249 1679 2277 non
1696 2237 1764 2281 est.

527 2299 657 2330 OLAN.

553 2347 627 2383 ead.
646 2345 672 2383 l.
692 2357 751 2383 12.
768 2343 927 2397 Οἱκίιιν)
945 2344 990 2384 In
1009 2343 1081 2384 ΜΓ.
1102 2344 1202 2385 Cod.
1227 2344 1326 2384 Bibl.
1351 2344 1448 2397 Reg.
1473 2345 1611 2397 legitur
1635 2344 1768 2396 planis·

498 2396 615 2447 sune,
636 2397 787 2445 οἰκείαν,
806 2400 956 2454 patriam
972 2429 985 2446 ,
1007 2398 1080 2442 scil.
1109 2397 1192 2453 γῆν.
1219 2399 1376 2448 ΡΑΒΕΚ.
1405 2398 1584 2453 Οἱκείαν)
1608 2399 1666 2439 Ex
1694 2397 1768 2444 Ms.
