<?xml version="1.0" encoding="UTF-8"?>
<!DOCTYPE html PUBLIC "-//W3C//DTD XHTML 1.0 Transitional//EN"
    "http://www.w3.org/TR/xhtml1/DTD/xhtml1-transitional.dtd">
<html xmlns="http://www.w3.org/1999/xhtml" xml:lang="en" lang="en">
 <head>
  <title>
</title>
<meta http-equiv="Content-Type" content="text/html;charset=utf-8" />
  <meta name='ocr-system' content='tesseract 3.04.00' />
  <meta name='ocr-capabilities' content='ocr_page ocr_carea ocr_par ocr_line ocrx_word'/>
</head>
<body>
  <div class='ocr_page' id='page_1' title='image "./operagraeceetlat08luciuoft_0376.png"; bbox 0 0 1835 3408; ppageno 0'>
   <div class='ocr_carea' id='block_1_1' title="bbox 424 144 1500 211">
    <p class='ocr_par' dir='ltr' id='par_1_1' title="bbox 424 144 1500 211">
     <span class='ocr_line' id='line_1_1' title="bbox 424 144 1500 211; baseline -0.002 -17"><span class='ocrx_word' id='word_1_1' title='bbox 424 150 513 211; x_wconf 48' lang='lat'>5&amp;</span> <span class='ocrx_word' id='word_1_2' title='bbox 616 144 1500 194; x_wconf 82' lang='lat' dir='ltr'><strong>ANNOTATIONES</strong></span> 
     </span>
    </p>
   </div>
   <div class='ocr_carea' id='block_1_2' title="bbox 414 231 1835 288">
    <p class='ocr_par' dir='ltr' id='par_1_2' title="bbox 414 231 1835 288">
     <span class='ocr_line' id='line_1_2' title="bbox 414 231 1835 288; baseline 0.001 -13"><span class='ocrx_word' id='word_1_3' title='bbox 414 235 466 283; x_wconf 74' lang='grc' dir='ltr'>ἐν,</span> <span class='ocrx_word' id='word_1_4' title='bbox 481 236 675 275; x_wconf 80' lang='lat' dir='ltr'>contendit</span> <span class='ocrx_word' id='word_1_5' title='bbox 690 235 733 276; x_wconf 92' lang='lat' dir='ltr'>L.</span> <span class='ocrx_word' id='word_1_6' title='bbox 753 236 833 276; x_wconf 87' lang='lat' dir='ltr'>Bos</span> <span class='ocrx_word' id='word_1_7' title='bbox 848 235 893 274; x_wconf 90' lang='lat' dir='ltr'>de</span> <span class='ocrx_word' id='word_1_8' title='bbox 908 232 1031 286; x_wconf 83' lang='lat' dir='ltr'>Ellips.</span> <span class='ocrx_word' id='word_1_9' title='bbox 1046 248 1081 286; x_wconf 92' lang='lat' dir='ltr'>p.</span> <span class='ocrx_word' id='word_1_10' title='bbox 1098 233 1172 273; x_wconf 85' lang='lat'>282</span> <span class='ocrx_word' id='word_1_11' title='bbox 1195 234 1236 273; x_wconf 76' lang='grc' dir='ltr'>δι</span> <span class='ocrx_word' id='word_1_12' title='bbox 1252 233 1324 285; x_wconf 82' lang='lat' dir='ltr'>seq.</span> <span class='ocrx_word' id='word_1_13' title='bbox 1343 232 1408 273; x_wconf 90' lang='lat' dir='ltr'>ubi</span> <span class='ocrx_word' id='word_1_14' title='bbox 1425 232 1535 288; x_wconf 85' lang='lat' dir='ltr'>plura</span> <span class='ocrx_word' id='word_1_15' title='bbox 1555 248 1602 275; x_wconf 80' lang='lat' dir='ltr'>ex</span> <span class='ocrx_word' id='word_1_16' title='bbox 1614 232 1694 276; x_wconf 76' lang='lat' dir='ltr'>aliis</span> <span class='ocrx_word' id='word_1_17' title='bbox 1757 231 1768 279; x_wconf 67' lang='lat'>.?</span> <span class='ocrx_word' id='word_1_18' title='bbox 1831 241 1835 265; x_wconf 69' lang='lat'><em>³</em></span> 
     </span>
    </p>
   </div>
   <div class='ocr_carea' id='block_1_3' title="bbox 414 286 1695 556">
    <p class='ocr_par' dir='ltr' id='par_1_3' title="bbox 414 286 1695 556">
     <span class='ocr_line' id='line_1_3' title="bbox 415 286 1693 346; baseline 0.002 -19"><span class='ocrx_word' id='word_1_19' title='bbox 415 291 593 342; x_wconf 81' lang='lat' dir='ltr'>exempla</span> <span class='ocrx_word' id='word_1_20' title='bbox 606 319 618 336; x_wconf 90' lang='lat'>,</span> <span class='ocrx_word' id='word_1_21' title='bbox 636 291 677 329; x_wconf 85' lang='lat'>&amp;</span> <span class='ocrx_word' id='word_1_22' title='bbox 700 291 775 329; x_wconf 88' lang='lat' dir='ltr'>hoc</span> <span class='ocrx_word' id='word_1_23' title='bbox 794 290 952 328; x_wconf 83' lang='lat' dir='ltr'>Luciani</span> <span class='ocrx_word' id='word_1_24' title='bbox 968 300 1127 340; x_wconf 88' lang='lat' dir='ltr'>quoque</span> <span class='ocrx_word' id='word_1_25' title='bbox 1143 286 1266 327; x_wconf 77' lang='lat' dir='ltr'>affert.</span> <span class='ocrx_word' id='word_1_26' title='bbox 1292 287 1548 340; x_wconf 86' lang='lat' dir='ltr'>Adscripserat</span> <span class='ocrx_word' id='word_1_27' title='bbox 1564 290 1693 346; x_wconf 68' lang='lat' dir='ltr'>J-{em-</span> 
     </span>
     <span class='ocr_line' id='line_1_4' title="bbox 414 341 1694 405; baseline 0 -23"><span class='ocrx_word' id='word_1_28' title='bbox 414 342 527 384; x_wconf 81' lang='lat' dir='ltr'>sterh.</span> <span class='ocrx_word' id='word_1_29' title='bbox 553 355 889 405; x_wconf 76' lang='lat' dir='ltr'>annotaveratque</span> <span class='ocrx_word' id='word_1_30' title='bbox 913 341 1048 388; x_wconf 76' lang='lat' dir='ltr'>simul,</span> <span class='ocrx_word' id='word_1_31' title='bbox 1065 342 1171 395; x_wconf 92' lang='lat' dir='ltr'>quod</span> <span class='ocrx_word' id='word_1_32' title='bbox 1188 341 1340 383; x_wconf 89' lang='lat' dir='ltr'>versum</span> <span class='ocrx_word' id='word_1_33' title='bbox 1367 354 1448 382; x_wconf 85' lang='lat' dir='ltr'>erat</span> <span class='ocrx_word' id='word_1_34' title='bbox 1466 345 1503 382; x_wconf 85' lang='lat' dir='ltr'>in</span> <span class='ocrx_word' id='word_1_35' title='bbox 1523 344 1694 396; x_wconf 74' lang='lat' dir='ltr'>Pythiis,</span> 
     </span>
     <span class='ocr_line' id='line_1_5' title="bbox 414 397 1695 545; baseline 0.001 -55"><span class='ocrx_word' id='word_1_36' title='bbox 414 397 1020 545; x_wconf 37' lang='lat' dir='ltr'>reggssjgzffiffgglsrhfSiidilld-rzn</span> <span class='ocrx_word' id='word_1_37' title='bbox 1042 448 1184 489; x_wconf 88' lang='lat' dir='ltr'>Histor.</span> <span class='ocrx_word' id='word_1_38' title='bbox 1207 448 1286 489; x_wconf 88' lang='lat' dir='ltr'>vid.</span> <span class='ocrx_word' id='word_1_39' title='bbox 1307 449 1411 502; x_wconf 83' lang='lat' dir='ltr'>apud</span> <span class='ocrx_word' id='word_1_40' title='bbox 1434 449 1519 491; x_wconf 85' lang='lat' dir='ltr'>Cic.</span> <span class='ocrx_word' id='word_1_41' title='bbox 1545 450 1592 490; x_wconf 87' lang='lat' dir='ltr'>ad</span> <span class='ocrx_word' id='word_1_42' title='bbox 1611 451 1695 491; x_wconf 79' lang='lat' dir='ltr'>He-</span> 
     </span>
     <span class='ocr_line' id='line_1_6' title="bbox 416 516 1685 556; baseline -0.006 -10"><span class='ocrx_word' id='word_1_43' title='bbox 416 518 494 546; x_wconf 87' lang='lat' dir='ltr'>ren.</span> <span class='ocrx_word' id='word_1_44' title='bbox 579 535 589 552; x_wconf 75' lang='grc'>,</span> <span class='ocrx_word' id='word_1_45' title='bbox 611 519 674 556; x_wconf 85' lang='lat'>47·</span> <span class='ocrx_word' id='word_1_46' title='bbox 731 516 863 544; x_wconf 81' lang='lat' dir='ltr'>OLAN.</span> <span class='ocrx_word' id='word_1_47' title='bbox 1682 526 1685 529; x_wconf 89' lang='lat'><em>-</em></span> 
     </span>
    </p>
   </div>
   <div class='ocr_carea' id='block_1_4' title="bbox 473 554 1766 612">
    <p class='ocr_par' dir='ltr' id='par_1_4' title="bbox 473 554 1766 612">
     <span class='ocr_line' id='line_1_7' title="bbox 473 554 1766 612; baseline 0.001 -14"><span class='ocrx_word' id='word_1_48' title='bbox 473 561 562 611; x_wconf 77' lang='lat' dir='ltr'><em>Pag.</em></span> <span class='ocrx_word' id='word_1_49' title='bbox 591 573 604 597; x_wconf 89' lang='lat'><em>1</em></span> <span class='ocrx_word' id='word_1_50' title='bbox 618 573 646 598; x_wconf 87' lang='grc' dir='ltr'>ι.</span> <span class='ocrx_word' id='word_1_51' title='bbox 667 561 690 598; x_wconf 92' lang='lat' dir='ltr'>l.</span> <span class='ocrx_word' id='word_1_52' title='bbox 713 571 743 608; x_wconf 86' lang='lat'>3.</span> <span class='ocrx_word' id='word_1_53' title='bbox 769 557 986 611; x_wconf 59' lang='grc' dir='ltr'>Σφραγῖσι)</span> <span class='ocrx_word' id='word_1_54' title='bbox 1008 554 1126 596; x_wconf 87' lang='lat' dir='ltr'>Conf.</span> <span class='ocrx_word' id='word_1_55' title='bbox 1147 556 1211 595; x_wconf 84' lang='lat' dir='ltr'>fin.</span> <span class='ocrx_word' id='word_1_56' title='bbox 1236 569 1270 596; x_wconf 91' lang='lat' dir='ltr'>c.</span> <span class='ocrx_word' id='word_1_57' title='bbox 1291 554 1367 609; x_wconf 89' lang='lat' dir='ltr'>seq.</span> <span class='ocrx_word' id='word_1_58' title='bbox 1392 557 1441 597; x_wconf 90' lang='lat' dir='ltr'>Et</span> <span class='ocrx_word' id='word_1_59' title='bbox 1459 557 1633 612; x_wconf 83' lang='lat' dir='ltr'>Tragop.</span> <span class='ocrx_word' id='word_1_60' title='bbox 1651 573 1694 599; x_wconf 89' lang='lat' dir='ltr'>v.</span> <span class='ocrx_word' id='word_1_61' title='bbox 1764 560 1766 564; x_wconf 78' lang='grc'>’</span> 
     </span>
    </p>
   </div>
   <div class='ocr_carea' id='block_1_5' title="bbox 415 610 1698 1150">
    <p class='ocr_par' dir='ltr' id='par_1_5' title="bbox 416 610 1160 666">
     <span class='ocr_line' id='line_1_8' title="bbox 416 610 1160 666; baseline -0.007 -13"><span class='ocrx_word' id='word_1_62' title='bbox 416 626 480 666; x_wconf 92' lang='lat'>79.</span> <span class='ocrx_word' id='word_1_63' title='bbox 497 614 544 653; x_wconf 86' lang='lat' dir='ltr'>Et</span> <span class='ocrx_word' id='word_1_64' title='bbox 563 612 681 653; x_wconf 86' lang='lat' dir='ltr'>Ovid.</span> <span class='ocrx_word' id='word_1_65' title='bbox 696 612 790 652; x_wconf 86' lang='lat' dir='ltr'>Met.</span> <span class='ocrx_word' id='word_1_66' title='bbox 808 612 860 651; x_wconf 84' lang='lat' dir='ltr'>Xl</span> <span class='ocrx_word' id='word_1_67' title='bbox 873 642 885 658; x_wconf 90' lang='lat'><strong><em>,</em></strong></span> <span class='ocrx_word' id='word_1_68' title='bbox 904 614 987 662; x_wconf 79' lang='lat'>¹67.</span> <span class='ocrx_word' id='word_1_69' title='bbox 1003 610 1160 650; x_wconf 79' lang='lat' dir='ltr'><strong>SOLAN.</strong></span> 
     </span>
    </p>

    <p class='ocr_par' dir='ltr' id='par_1_6' title="bbox 415 662 1696 814">
     <span class='ocr_line' id='line_1_9' title="bbox 471 662 1695 720; baseline 0.001 -14"><span class='ocrx_word' id='word_1_70' title='bbox 471 671 545 706; x_wconf 72' lang='lat' dir='ltr'>ead.</span> <span class='ocrx_word' id='word_1_71' title='bbox 566 669 588 705; x_wconf 90' lang='lat' dir='ltr'>l.</span> <span class='ocrx_word' id='word_1_72' title='bbox 617 681 654 720; x_wconf 89' lang='lat'>9.</span> <span class='ocrx_word' id='word_1_73' title='bbox 681 666 909 719; x_wconf 71' lang='grc' dir='ltr'>Εἰσέρχεται</span> <span class='ocrx_word' id='word_1_74' title='bbox 926 688 971 695; x_wconf 92' lang='grc'>-</span> <span class='ocrx_word' id='word_1_75' title='bbox 986 664 1098 717; x_wconf 72' lang='grc' dir='ltr'>ὅλος)</span> <span class='ocrx_word' id='word_1_76' title='bbox 1125 663 1226 703; x_wconf 85' lang='lat' dir='ltr'>Nihil</span> <span class='ocrx_word' id='word_1_77' title='bbox 1255 662 1421 712; x_wconf 86' lang='lat' dir='ltr'>referre,</span> <span class='ocrx_word' id='word_1_78' title='bbox 1447 663 1531 705; x_wconf 70' lang='grc' dir='ltr'>ὅλος</span> <span class='ocrx_word' id='word_1_79' title='bbox 1553 679 1625 712; x_wconf 79' lang='lat' dir='ltr'>ne,</span> <span class='ocrx_word' id='word_1_80' title='bbox 1645 679 1695 706; x_wconf 86' lang='lat' dir='ltr'>an</span> 
     </span>
     <span class='ocr_line' id='line_1_10' title="bbox 415 717 1696 773; baseline 0.002 -15"><span class='ocrx_word' id='word_1_81' title='bbox 415 720 508 760; x_wconf 69' lang='grc' dir='ltr'>ὅλως</span> <span class='ocrx_word' id='word_1_82' title='bbox 527 720 690 772; x_wconf 85' lang='lat' dir='ltr'>recipias</span> <span class='ocrx_word' id='word_1_83' title='bbox 702 749 715 766; x_wconf 94' lang='lat'>‚</span> <span class='ocrx_word' id='word_1_84' title='bbox 737 721 813 759; x_wconf 85' lang='lat' dir='ltr'>vid.</span> <span class='ocrx_word' id='word_1_85' title='bbox 827 719 938 773; x_wconf 87' lang='lat' dir='ltr'>supra</span> <span class='ocrx_word' id='word_1_86' title='bbox 951 719 1069 759; x_wconf 87' lang='lat' dir='ltr'>Tom.</span> <span class='ocrx_word' id='word_1_87' title='bbox 1084 718 1160 757; x_wconf 88' lang='lat' dir='ltr'>Vll</span> <span class='ocrx_word' id='word_1_88' title='bbox 1172 747 1186 763; x_wconf 92' lang='lat'><em>,</em></span> <span class='ocrx_word' id='word_1_89' title='bbox 1198 717 1315 758; x_wconf 88' lang='lat' dir='ltr'>Herc.</span> <span class='ocrx_word' id='word_1_90' title='bbox 1333 731 1419 772; x_wconf 86' lang='lat' dir='ltr'>cap.</span> <span class='ocrx_word' id='word_1_91' title='bbox 1434 732 1467 767; x_wconf 80' lang='grc' dir='ltr'>ι,</span> <span class='ocrx_word' id='word_1_92' title='bbox 1483 718 1576 760; x_wconf 73' lang='grc' dir='ltr'>ὅλως</span> <span class='ocrx_word' id='word_1_93' title='bbox 1589 718 1696 773; x_wconf 73' lang='grc' dir='ltr'>Ἦρα.-</span> 
     </span>
     <span class='ocr_line' id='line_1_11' title="bbox 415 773 690 814; baseline 0.004 -2"><span class='ocrx_word' id='word_1_94' title='bbox 415 773 517 814; x_wconf 60' lang='grc' dir='ltr'>κλιῖς.</span> <span class='ocrx_word' id='word_1_95' title='bbox 542 774 690 813; x_wconf 76' lang='lat' dir='ltr'><strong>RmTz.</strong></span> 
     </span>
    </p>

    <p class='ocr_par' dir='ltr' id='par_1_7' title="bbox 415 823 1696 990">
     <span class='ocr_line' id='line_1_12' title="bbox 471 823 1695 880; baseline 0.002 -14"><span class='ocrx_word' id='word_1_96' title='bbox 471 828 564 880; x_wconf 79' lang='lat' dir='ltr'><em>Pag.</em></span> <span class='ocrx_word' id='word_1_97' title='bbox 593 842 649 867; x_wconf 87' lang='lat'>12.</span> <span class='ocrx_word' id='word_1_98' title='bbox 671 830 694 867; x_wconf 89' lang='lat' dir='ltr'>l.</span> <span class='ocrx_word' id='word_1_99' title='bbox 721 841 778 876; x_wconf 84' lang='lat'>14.</span> <span class='ocrx_word' id='word_1_100' title='bbox 794 830 906 866; x_wconf 69' lang='grc' dir='ltr'>Κατὰ</span> <span class='ocrx_word' id='word_1_101' title='bbox 919 831 984 866; x_wconf 65' lang='grc' dir='ltr'>τὸν</span> <span class='ocrx_word' id='word_1_102' title='bbox 1000 826 1104 876; x_wconf 75' lang='grc' dir='ltr'>νόμον</span> <span class='ocrx_word' id='word_1_103' title='bbox 1120 823 1185 865; x_wconf 64' lang='grc' dir='ltr'>τῆς</span> <span class='ocrx_word' id='word_1_104' title='bbox 1205 825 1377 880; x_wconf 76' lang='grc' dir='ltr'>τέχνης)</span> <span class='ocrx_word' id='word_1_105' title='bbox 1396 826 1497 867; x_wconf 85' lang='lat' dir='ltr'><strong>Vide</strong></span> <span class='ocrx_word' id='word_1_106' title='bbox 1512 827 1607 868; x_wconf 86' lang='lat' dir='ltr'>haec</span> <span class='ocrx_word' id='word_1_107' title='bbox 1627 841 1695 868; x_wconf 93' lang='lat' dir='ltr'>co-</span> 
     </span>
     <span class='ocr_line' id='line_1_13' title="bbox 415 879 1696 935; baseline 0.003 -15"><span class='ocrx_word' id='word_1_108' title='bbox 415 881 522 935; x_wconf 87' lang='lat' dir='ltr'>piose</span> <span class='ocrx_word' id='word_1_109' title='bbox 546 881 792 921; x_wconf 82' lang='lat' dir='ltr'>illustrantem</span> <span class='ocrx_word' id='word_1_110' title='bbox 816 880 999 921; x_wconf 82' lang='lat' dir='ltr'>Gataker.</span> <span class='ocrx_word' id='word_1_111' title='bbox 1015 881 1055 920; x_wconf 89' lang='lat' dir='ltr'>in</span> <span class='ocrx_word' id='word_1_112' title='bbox 1070 879 1199 920; x_wconf 82' lang='lat' dir='ltr'>cinno</span> <span class='ocrx_word' id='word_1_113' title='bbox 1213 893 1298 933; x_wconf 82' lang='lat' dir='ltr'>pag.</span> <span class='ocrx_word' id='word_1_114' title='bbox 1325 881 1401 930; x_wconf 87' lang='lat'>246</span> <span class='ocrx_word' id='word_1_115' title='bbox 1421 881 1480 921; x_wconf 90' lang='lat' dir='ltr'>ed.</span> <span class='ocrx_word' id='word_1_116' title='bbox 1498 882 1640 923; x_wconf 87' lang='lat' dir='ltr'>minor.</span> <span class='ocrx_word' id='word_1_117' title='bbox 1653 882 1696 924; x_wconf 83' lang='lat' dir='ltr'>P.</span> 
     </span>
     <span class='ocr_line' id='line_1_14' title="bbox 419 936 880 990; baseline -0.004 -14"><span class='ocrx_word' id='word_1_118' title='bbox 419 950 490 990; x_wconf 81' lang='lat'>303</span> <span class='ocrx_word' id='word_1_119' title='bbox 510 937 564 975; x_wconf 91' lang='lat' dir='ltr'>ed.</span> <span class='ocrx_word' id='word_1_120' title='bbox 582 937 719 976; x_wconf 79' lang='lat' dir='ltr'>maior,</span> <span class='ocrx_word' id='word_1_121' title='bbox 737 936 880 975; x_wconf 79' lang='lat' dir='ltr'><strong>Rmz.</strong></span> 
     </span>
    </p>

    <p class='ocr_par' dir='ltr' id='par_1_8' title="bbox 470 987 1376 1043">
     <span class='ocr_line' id='line_1_15' title="bbox 470 987 1376 1043; baseline -0.001 -14"><span class='ocrx_word' id='word_1_122' title='bbox 470 993 544 1029; x_wconf 80' lang='lat' dir='ltr'>ead.</span> <span class='ocrx_word' id='word_1_123' title='bbox 561 991 584 1029; x_wconf 90' lang='lat' dir='ltr'>l.</span> <span class='ocrx_word' id='word_1_124' title='bbox 603 990 660 1029; x_wconf 84' lang='grc'>16.</span> <span class='ocrx_word' id='word_1_125' title='bbox 678 988 914 1043; x_wconf 67' lang='grc' dir='ltr'>Σφρωγῖσιν)</span> <span class='ocrx_word' id='word_1_126' title='bbox 929 988 956 1027; x_wconf 89' lang='grc' dir='ltr'>Ι.</span> <span class='ocrx_word' id='word_1_127' title='bbox 980 1001 1013 1027; x_wconf 87' lang='lat' dir='ltr'>e.</span> <span class='ocrx_word' id='word_1_128' title='bbox 1031 987 1179 1042; x_wconf 77' lang='lat' dir='ltr'>gemmis.</span> <span class='ocrx_word' id='word_1_129' title='bbox 1205 987 1376 1029; x_wconf 83' lang='lat' dir='ltr'><strong>GUYET.</strong></span> 
     </span>
    </p>

    <p class='ocr_par' dir='ltr' id='par_1_9' title="bbox 469 1039 1691 1098">
     <span class='ocr_line' id='line_1_16' title="bbox 469 1039 1691 1098; baseline 0.002 -16"><span class='ocrx_word' id='word_1_130' title='bbox 469 1045 561 1098; x_wconf 62' lang='lat' dir='ltr'><em>Pag.</em></span> <span class='ocrx_word' id='word_1_131' title='bbox 579 1058 637 1097; x_wconf 84' lang='lat'>13.</span> <span class='ocrx_word' id='word_1_132' title='bbox 653 1045 675 1082; x_wconf 91' lang='lat' dir='ltr'>l.</span> <span class='ocrx_word' id='word_1_133' title='bbox 689 1042 882 1098; x_wconf 70' lang='grc' dir='ltr'>3.”Ωνηο-ο)</span> <span class='ocrx_word' id='word_1_134' title='bbox 894 1039 1032 1083; x_wconf 61' lang='lat' dir='ltr'>&#39;Quin-co</span> <span class='ocrx_word' id='word_1_135' title='bbox 1043 1042 1170 1095; x_wconf 75' lang='lat' dir='ltr'>legisse</span> <span class='ocrx_word' id='word_1_136' title='bbox 1183 1043 1335 1082; x_wconf 88' lang='lat' dir='ltr'>videtur</span> <span class='ocrx_word' id='word_1_137' title='bbox 1351 1044 1508 1096; x_wconf 84' lang='lat' dir='ltr'><strong>interpr.</strong></span> <span class='ocrx_word' id='word_1_138' title='bbox 1519 1043 1691 1085; x_wconf 79' lang='lat' dir='ltr'><strong>GUYET.</strong></span> 
     </span>
    </p>

    <p class='ocr_par' dir='ltr' id='par_1_10' title="bbox 472 1093 1698 1150">
     <span class='ocr_line' id='line_1_17' title="bbox 472 1093 1698 1150; baseline -0.002 -13"><span class='ocrx_word' id='word_1_139' title='bbox 472 1103 546 1137; x_wconf 83' lang='lat' dir='ltr'>ead.</span> <span class='ocrx_word' id='word_1_140' title='bbox 562 1099 585 1138; x_wconf 87' lang='lat' dir='ltr'>l.</span> <span class='ocrx_word' id='word_1_141' title='bbox 598 1099 635 1138; x_wconf 90' lang='lat'>6.</span> <span class='ocrx_word' id='word_1_142' title='bbox 649 1098 734 1150; x_wconf 72' lang='grc' dir='ltr'>Περὶ</span> <span class='ocrx_word' id='word_1_143' title='bbox 750 1096 877 1150; x_wconf 60' lang='lat' dir='ltr'>msa)</span> <span class='ocrx_word' id='word_1_144' title='bbox 893 1096 1062 1147; x_wconf 83' lang='lat' dir='ltr'>Hesych.</span> <span class='ocrx_word' id='word_1_145' title='bbox 1077 1093 1192 1135; x_wconf 68' lang='grc' dir='ltr'>οὕτως</span> <span class='ocrx_word' id='word_1_146' title='bbox 1207 1096 1366 1136; x_wconf 73' lang='grc' dir='ltr'>ἐκάλουν</span> <span class='ocrx_word' id='word_1_147' title='bbox 1383 1099 1428 1135; x_wconf 66' lang='grc' dir='ltr'>τὸ</span> <span class='ocrx_word' id='word_1_148' title='bbox 1441 1096 1612 1150; x_wconf 71' lang='grc' dir='ltr'>ἁρμόζον,</span> <span class='ocrx_word' id='word_1_149' title='bbox 1625 1113 1698 1148; x_wconf 77' lang='grc' dir='ltr'>με.</span> 
     </span>
    </p>
   </div>
   <div class='ocr_carea' id='block_1_6' title="bbox 416 1149 1774 1206">
    <p class='ocr_par' dir='ltr' id='par_1_11' title="bbox 416 1149 1774 1206">
     <span class='ocr_line' id='line_1_18' title="bbox 416 1149 1774 1206; baseline 0.001 -14"><span class='ocrx_word' id='word_1_150' title='bbox 416 1155 640 1205; x_wconf 72' lang='grc' dir='ltr'>ταφέροντες</span> <span class='ocrx_word' id='word_1_151' title='bbox 652 1151 730 1193; x_wconf 64' lang='grc' dir='ltr'>ἀπὸ</span> <span class='ocrx_word' id='word_1_152' title='bbox 742 1152 814 1192; x_wconf 74' lang='grc' dir='ltr'>τῶν</span> <span class='ocrx_word' id='word_1_153' title='bbox 830 1154 1048 1204; x_wconf 74' lang='grc' dir='ltr'><em>συμμέτρων</em></span> <span class='ocrx_word' id='word_1_154' title='bbox 1064 1150 1143 1191; x_wconf 79' lang='grc' dir='ltr'>τοῖς</span> <span class='ocrx_word' id='word_1_155' title='bbox 1153 1150 1260 1191; x_wconf 72' lang='grc' dir='ltr'>ποσὶν</span> <span class='ocrx_word' id='word_1_156' title='bbox 1273 1149 1546 1202; x_wconf 50' lang='lat' dir='ltr'>&amp;nostratia-mv·</span> <span class='ocrx_word' id='word_1_157' title='bbox 1561 1152 1579 1194; x_wconf 72' lang='grc' dir='ltr'>ἢ</span> <span class='ocrx_word' id='word_1_158' title='bbox 1593 1152 1696 1206; x_wconf 56' lang='lat' dir='ltr'>dupe·</span> <span class='ocrx_word' id='word_1_159' title='bbox 1772 1192 1774 1194; x_wconf 87' lang='lat'>.</span> 
     </span>
    </p>
   </div>
   <div class='ocr_carea' id='block_1_7' title="bbox 416 1205 660 1254">
    <p class='ocr_par' dir='ltr' id='par_1_12' title="bbox 416 1205 660 1254">
     <span class='ocr_line' id='line_1_19' title="bbox 416 1205 660 1254; baseline 0.004 -9"><span class='ocrx_word' id='word_1_160' title='bbox 416 1205 504 1254; x_wconf 73' lang='grc' dir='ltr'>βῶς.</span> <span class='ocrx_word' id='word_1_161' title='bbox 532 1206 660 1248; x_wconf 79' lang='lat' dir='ltr'>GESN.</span> 
     </span>
    </p>
   </div>
   <div class='ocr_carea' id='block_1_8' title="bbox 471 1258 1782 1314">
    <p class='ocr_par' dir='ltr' id='par_1_13' title="bbox 471 1258 1782 1329">
     <span class='ocr_line' id='line_1_20' title="bbox 471 1258 1782 1314; baseline 0.001 -14"><span class='ocrx_word' id='word_1_162' title='bbox 471 1264 546 1300; x_wconf 85' lang='lat' dir='ltr'>ead.</span> <span class='ocrx_word' id='word_1_163' title='bbox 560 1261 585 1300; x_wconf 91' lang='lat' dir='ltr'>l.</span> <span class='ocrx_word' id='word_1_164' title='bbox 606 1274 663 1300; x_wconf 89' lang='lat'>10.</span> <span class='ocrx_word' id='word_1_165' title='bbox 677 1259 880 1314; x_wconf 68' lang='grc' dir='ltr'>Θρᾷτται)</span> <span class='ocrx_word' id='word_1_166' title='bbox 905 1259 1094 1306; x_wconf 78' lang='lat' dir='ltr'><em>Thraciae,</em></span> <span class='ocrx_word' id='word_1_167' title='bbox 1116 1272 1214 1313; x_wconf 85' lang='lat' dir='ltr'>quas</span> <span class='ocrx_word' id='word_1_168' title='bbox 1233 1259 1402 1312; x_wconf 82' lang='lat' dir='ltr'>depingit</span> <span class='ocrx_word' id='word_1_169' title='bbox 1418 1258 1542 1300; x_wconf 85' lang='lat' dir='ltr'>Ovid.</span> <span class='ocrx_word' id='word_1_170' title='bbox 1563 1274 1586 1300; x_wconf 87' lang='lat'>2</span> <span class='ocrx_word' id='word_1_171' title='bbox 1607 1260 1696 1301; x_wconf 87' lang='lat' dir='ltr'>Me·</span> <span class='ocrx_word' id='word_1_172' title='bbox 1774 1261 1782 1276; x_wconf 69' lang='grc'><em>’</em></span> 
     </span>
    </p>
   </div>
   <div class='ocr_carea' id='block_1_9' title="bbox 417 1314 1696 1476">
    <p class='ocr_par' dir='ltr' id='par_1_14' title="bbox 417 1314 1696 1476">
     <span class='ocr_line' id='line_1_21' title="bbox 417 1314 676 1356; baseline -0.008 0"><span class='ocrx_word' id='word_1_173' title='bbox 417 1326 507 1356; x_wconf 82' lang='lat' dir='ltr'>tam.</span> <span class='ocrx_word' id='word_1_174' title='bbox 530 1314 676 1356; x_wconf 74' lang='lat' dir='ltr'>CoeN.</span> 
     </span>
     <span class='ocr_line' id='line_1_22' title="bbox 471 1362 1696 1420; baseline 0.002 -12"><span class='ocrx_word' id='word_1_175' title='bbox 471 1372 545 1408; x_wconf 80' lang='lat' dir='ltr'>ead.</span> <span class='ocrx_word' id='word_1_176' title='bbox 563 1370 588 1408; x_wconf 89' lang='lat' dir='ltr'>l.</span> <span class='ocrx_word' id='word_1_177' title='bbox 602 1383 616 1408; x_wconf 85' lang='lat'>1</span> <span class='ocrx_word' id='word_1_178' title='bbox 630 1383 660 1407; x_wconf 91' lang='lat'>1.</span> <span class='ocrx_word' id='word_1_179' title='bbox 677 1368 734 1408; x_wconf 79' lang='grc' dir='ltr'>Εἰς</span> <span class='ocrx_word' id='word_1_180' title='bbox 749 1362 939 1420; x_wconf 70' lang='grc' dir='ltr'>τονἽΞβρον</span> <span class='ocrx_word' id='word_1_181' title='bbox 956 1365 1199 1419; x_wconf 69' lang='grc' dir='ltr'>ἐμπεσοῦσαν</span> <span class='ocrx_word' id='word_1_182' title='bbox 1223 1365 1447 1418; x_wconf 60' lang='grc' dir='ltr'>ἐμβληθῆναι</span> <span class='ocrx_word' id='word_1_183' title='bbox 1471 1368 1523 1409; x_wconf 81' lang='grc' dir='ltr'>εἰς</span> <span class='ocrx_word' id='word_1_184' title='bbox 1543 1370 1607 1409; x_wconf 66' lang='grc' dir='ltr'>τὶν</span> <span class='ocrx_word' id='word_1_185' title='bbox 1618 1369 1696 1419; x_wconf 80' lang='grc' dir='ltr'>μέ-</span> 
     </span>
     <span class='ocr_line' id='line_1_23' title="bbox 417 1421 1695 1476; baseline 0 -13"><span class='ocrx_word' id='word_1_186' title='bbox 417 1435 522 1464; x_wconf 69' lang='grc' dir='ltr'>λανα,</span> <span class='ocrx_word' id='word_1_187' title='bbox 545 1423 705 1476; x_wconf 72' lang='grc' dir='ltr'>πόντον)</span> <span class='ocrx_word' id='word_1_188' title='bbox 727 1421 908 1462; x_wconf 85' lang='lat' dir='ltr'>Exhibuit</span> <span class='ocrx_word' id='word_1_189' title='bbox 934 1435 1094 1475; x_wconf 85' lang='lat' dir='ltr'>quoque</span> <span class='ocrx_word' id='word_1_190' title='bbox 1112 1423 1298 1474; x_wconf 84' lang='lat' dir='ltr'>interpres</span> <span class='ocrx_word' id='word_1_191' title='bbox 1319 1423 1356 1460; x_wconf 82' lang='lat' dir='ltr'>in</span> <span class='ocrx_word' id='word_1_192' title='bbox 1372 1423 1505 1474; x_wconf 72' lang='lat' dir='ltr'>nigrum</span> <span class='ocrx_word' id='word_1_193' title='bbox 1523 1436 1665 1474; x_wconf 81' lang='lat' dir='ltr'>pontum</span> <span class='ocrx_word' id='word_1_194' title='bbox 1677 1438 1695 1472; x_wconf 80' lang='lat'>,-</span> 
     </span>
    </p>
   </div>
   <div class='ocr_carea' id='block_1_10' title="bbox 418 1475 1779 1529">
    <p class='ocr_par' dir='ltr' id='par_1_15' title="bbox 418 1475 1779 1529">
     <span class='ocr_line' id='line_1_24' title="bbox 418 1475 1779 1529; baseline 0.001 -13"><span class='ocrx_word' id='word_1_195' title='bbox 418 1490 489 1517; x_wconf 78' lang='lat' dir='ltr'>nec</span> <span class='ocrx_word' id='word_1_196' title='bbox 505 1478 725 1522; x_wconf 84' lang='lat' dir='ltr'>intercedo,</span> <span class='ocrx_word' id='word_1_197' title='bbox 741 1489 824 1529; x_wconf 89' lang='lat' dir='ltr'>quo</span> <span class='ocrx_word' id='word_1_198' title='bbox 837 1477 965 1515; x_wconf 88' lang='lat' dir='ltr'>minus</span> <span class='ocrx_word' id='word_1_199' title='bbox 980 1477 1027 1516; x_wconf 80' lang='lat' dir='ltr'>ab</span> <span class='ocrx_word' id='word_1_200' title='bbox 1051 1478 1168 1528; x_wconf 75' lang='lat' dir='ltr'>poeta</span> <span class='ocrx_word' id='word_1_201' title='bbox 1185 1476 1316 1529; x_wconf 82' lang='lat' dir='ltr'>aliquo</span> <span class='ocrx_word' id='word_1_202' title='bbox 1334 1475 1385 1515; x_wconf 87' lang='lat' dir='ltr'>fic</span> <span class='ocrx_word' id='word_1_203' title='bbox 1408 1475 1591 1526; x_wconf 86' lang='lat' dir='ltr'>scriptum</span> <span class='ocrx_word' id='word_1_204' title='bbox 1611 1491 1696 1518; x_wconf 92' lang='lat' dir='ltr'>cre·</span> <span class='ocrx_word' id='word_1_205' title='bbox 1773 1493 1779 1499; x_wconf 92' lang='lat'>·</span> 
     </span>
    </p>
   </div>
   <div class='ocr_carea' id='block_1_11' title="bbox 418 1530 1699 2345">
    <p class='ocr_par' dir='ltr' id='par_1_16' title="bbox 418 1530 1699 2345">
     <span class='ocr_line' id='line_1_25' title="bbox 419 1530 1697 1583; baseline 0.002 -13"><span class='ocrx_word' id='word_1_206' title='bbox 419 1532 543 1571; x_wconf 78' lang='lat' dir='ltr'>datur.</span> <span class='ocrx_word' id='word_1_207' title='bbox 571 1532 643 1571; x_wconf 88' lang='lat' dir='ltr'>Sed</span> <span class='ocrx_word' id='word_1_208' title='bbox 664 1532 881 1570; x_wconf 84' lang='lat' dir='ltr'>Lucianum</span> <span class='ocrx_word' id='word_1_209' title='bbox 910 1544 1013 1571; x_wconf 85' lang='lat' dir='ltr'>nunc</span> <span class='ocrx_word' id='word_1_210' title='bbox 1042 1530 1261 1583; x_wconf 81' lang='lat' dir='ltr'>{impliciter</span> <span class='ocrx_word' id='word_1_211' title='bbox 1288 1539 1508 1571; x_wconf 84' lang='lat' dir='ltr'>narrantem</span> <span class='ocrx_word' id='word_1_212' title='bbox 1531 1544 1613 1572; x_wconf 90' lang='lat' dir='ltr'>non</span> <span class='ocrx_word' id='word_1_213' title='bbox 1636 1545 1697 1572; x_wconf 86' lang='lat' dir='ltr'>re·</span> 
     </span>
     <span class='ocr_line' id='line_1_26' title="bbox 419 1584 1697 1638; baseline 0.002 -15"><span class='ocrx_word' id='word_1_214' title='bbox 419 1585 572 1638; x_wconf 74' lang='lat' dir='ltr'>spexiffe</span> <span class='ocrx_word' id='word_1_215' title='bbox 594 1586 736 1637; x_wconf 85' lang='lat' dir='ltr'>opinor</span> <span class='ocrx_word' id='word_1_216' title='bbox 754 1585 800 1624; x_wconf 87' lang='lat' dir='ltr'>ad</span> <span class='ocrx_word' id='word_1_217' title='bbox 821 1585 934 1624; x_wconf 81' lang='lat' dir='ltr'>talem</span> <span class='ocrx_word' id='word_1_218' title='bbox 959 1585 1150 1638; x_wconf 82' lang='lat' dir='ltr'>quandam</span> <span class='ocrx_word' id='word_1_219' title='bbox 1173 1584 1455 1631; x_wconf 85' lang='lat' dir='ltr'>imitationem,</span> <span class='ocrx_word' id='word_1_220' title='bbox 1485 1585 1525 1625; x_wconf 80' lang='grc' dir='ltr'>δι</span> <span class='ocrx_word' id='word_1_221' title='bbox 1548 1585 1697 1626; x_wconf 86' lang='lat' dir='ltr'>intelle-</span> 
     </span>
     <span class='ocr_line' id='line_1_27' title="bbox 419 1639 1697 1692; baseline 0.002 -14"><span class='ocrx_word' id='word_1_222' title='bbox 419 1639 510 1679; x_wconf 78' lang='lat' dir='ltr'>xiffe</span> <span class='ocrx_word' id='word_1_223' title='bbox 525 1640 655 1679; x_wconf 82' lang='lat' dir='ltr'>Melan</span> <span class='ocrx_word' id='word_1_224' title='bbox 671 1640 794 1679; x_wconf 88' lang='lat' dir='ltr'>smum</span> <span class='ocrx_word' id='word_1_225' title='bbox 809 1668 820 1686; x_wconf 84' lang='lat'>,</span> <span class='ocrx_word' id='word_1_226' title='bbox 841 1650 884 1678; x_wconf 89' lang='lat' dir='ltr'>ut</span> <span class='ocrx_word' id='word_1_227' title='bbox 898 1639 1001 1678; x_wconf 88' lang='lat' dir='ltr'>illam</span> <span class='ocrx_word' id='word_1_228' title='bbox 1022 1640 1136 1678; x_wconf 81' lang='lat' dir='ltr'>maris</span> <span class='ocrx_word' id='word_1_229' title='bbox 1153 1650 1299 1690; x_wconf 83' lang='lat' dir='ltr'>partem</span> <span class='ocrx_word' id='word_1_230' title='bbox 1315 1639 1498 1692; x_wconf 82' lang='lat' dir='ltr'>appellari</span> <span class='ocrx_word' id='word_1_231' title='bbox 1511 1640 1697 1681; x_wconf 81' lang='lat' dir='ltr'>novimus</span> 
     </span>
     <span class='ocr_line' id='line_1_28' title="bbox 420 1692 1654 1747; baseline 0 -13"><span class='ocrx_word' id='word_1_232' title='bbox 420 1695 470 1734; x_wconf 82' lang='lat' dir='ltr'>ab</span> <span class='ocrx_word' id='word_1_233' title='bbox 483 1695 717 1747; x_wconf 85' lang='lat' dir='ltr'>ingrediente</span> <span class='ocrx_word' id='word_1_234' title='bbox 733 1707 816 1733; x_wconf 78' lang='lat' dir='ltr'>eam</span> <span class='ocrx_word' id='word_1_235' title='bbox 835 1694 938 1733; x_wconf 81' lang='lat' dir='ltr'>Mela</span> <span class='ocrx_word' id='word_1_236' title='bbox 952 1693 1090 1732; x_wconf 83' lang='lat' dir='ltr'>fluvio.</span> <span class='ocrx_word' id='word_1_237' title='bbox 1104 1693 1205 1731; x_wconf 91' lang='lat' dir='ltr'>Vide</span> <span class='ocrx_word' id='word_1_238' title='bbox 1220 1692 1490 1746; x_wconf 85' lang='lat' dir='ltr'>Geographos.</span> <span class='ocrx_word' id='word_1_239' title='bbox 1506 1693 1654 1734; x_wconf 80' lang='lat' dir='ltr'>GRON.</span> 
     </span>
     <span class='ocr_line' id='line_1_29' title="bbox 473 1747 1697 1800; baseline 0 -12"><span class='ocrx_word' id='word_1_240' title='bbox 473 1751 546 1788; x_wconf 82' lang='lat' dir='ltr'>ead.</span> <span class='ocrx_word' id='word_1_241' title='bbox 577 1749 604 1789; x_wconf 88' lang='lat' dir='ltr'>l.</span> <span class='ocrx_word' id='word_1_242' title='bbox 636 1763 692 1789; x_wconf 85' lang='lat'>12.</span> <span class='ocrx_word' id='word_1_243' title='bbox 720 1749 878 1788; x_wconf 59' lang='grc' dir='ltr'>Μέλανα</span> <span class='ocrx_word' id='word_1_244' title='bbox 909 1747 1074 1800; x_wconf 75' lang='grc' dir='ltr'>πόντον)</span> <span class='ocrx_word' id='word_1_245' title='bbox 1105 1747 1214 1786; x_wconf 88' lang='lat' dir='ltr'>Mare</span> <span class='ocrx_word' id='word_1_246' title='bbox 1235 1748 1389 1800; x_wconf 84' lang='lat' dir='ltr'>nigrum</span> <span class='ocrx_word' id='word_1_247' title='bbox 1419 1748 1591 1788; x_wconf 84' lang='lat' dir='ltr'>Luciano</span> <span class='ocrx_word' id='word_1_248' title='bbox 1621 1762 1697 1788; x_wconf 82' lang='lat' dir='ltr'>no-</span> 
     </span>
     <span class='ocr_line' id='line_1_30' title="bbox 418 1801 1697 1854; baseline 0.002 -12"><span class='ocrx_word' id='word_1_249' title='bbox 418 1814 515 1842; x_wconf 88' lang='lat' dir='ltr'>tum.</span> <span class='ocrx_word' id='word_1_250' title='bbox 536 1803 609 1842; x_wconf 86' lang='lat' dir='ltr'>Sed</span> <span class='ocrx_word' id='word_1_251' title='bbox 631 1803 676 1842; x_wconf 92' lang='lat' dir='ltr'>de</span> <span class='ocrx_word' id='word_1_252' title='bbox 692 1803 925 1854; x_wconf 87' lang='lat' dir='ltr'>Propontide</span> <span class='ocrx_word' id='word_1_253' title='bbox 941 1803 1002 1841; x_wconf 90' lang='lat' dir='ltr'>hic</span> <span class='ocrx_word' id='word_1_254' title='bbox 1024 1801 1312 1854; x_wconf 75' lang='lat' dir='ltr'>intelligendum</span> <span class='ocrx_word' id='word_1_255' title='bbox 1336 1803 1501 1842; x_wconf 85' lang='lat' dir='ltr'>videtur.</span> <span class='ocrx_word' id='word_1_256' title='bbox 1523 1802 1697 1845; x_wconf 80' lang='lat' dir='ltr'><strong>GUYET.</strong></span> 
     </span>
     <span class='ocr_line' id='line_1_31' title="bbox 421 1855 1699 1909; baseline 0.003 -13"><span class='ocrx_word' id='word_1_257' title='bbox 421 1856 597 1909; x_wconf 80' lang='lat' dir='ltr'>Quando</span> <span class='ocrx_word' id='word_1_258' title='bbox 611 1857 662 1896; x_wconf 84' lang='lat' dir='ltr'>ita</span> <span class='ocrx_word' id='word_1_259' title='bbox 675 1857 853 1909; x_wconf 77' lang='lat' dir='ltr'>appellari</span> <span class='ocrx_word' id='word_1_260' title='bbox 865 1870 971 1896; x_wconf 84' lang='lat' dir='ltr'>mare</span> <span class='ocrx_word' id='word_1_261' title='bbox 983 1856 1060 1896; x_wconf 89' lang='lat' dir='ltr'>hoc</span> <span class='ocrx_word' id='word_1_262' title='bbox 1072 1855 1261 1907; x_wconf 89' lang='lat' dir='ltr'>coeperit,</span> <span class='ocrx_word' id='word_1_263' title='bbox 1272 1856 1336 1895; x_wconf 85' lang='lat' dir='ltr'>alii</span> <span class='ocrx_word' id='word_1_264' title='bbox 1348 1856 1524 1897; x_wconf 82' lang='lat' dir='ltr'>doceant.</span> <span class='ocrx_word' id='word_1_265' title='bbox 1537 1856 1699 1900; x_wconf 78' lang='lat' dir='ltr'><strong>SOLAN.</strong></span> 
     </span>
     <span class='ocr_line' id='line_1_32' title="bbox 474 1910 1696 1965; baseline 0.002 -15"><span class='ocrx_word' id='word_1_266' title='bbox 474 1912 566 1963; x_wconf 79' lang='lat' dir='ltr'><strong><em>Pag.</em></strong></span> <span class='ocrx_word' id='word_1_267' title='bbox 584 1926 641 1960; x_wconf 85' lang='lat'>14.</span> <span class='ocrx_word' id='word_1_268' title='bbox 651 1912 675 1950; x_wconf 90' lang='lat' dir='ltr'>l.</span> <span class='ocrx_word' id='word_1_269' title='bbox 695 1927 727 1965; x_wconf 80' lang='lat'>3.</span> <span class='ocrx_word' id='word_1_270' title='bbox 741 1910 906 1962; x_wconf 73' lang='grc' dir='ltr'>Νέανθον)</span> <span class='ocrx_word' id='word_1_271' title='bbox 917 1910 981 1950; x_wconf 88' lang='lat' dir='ltr'>De</span> <span class='ocrx_word' id='word_1_272' title='bbox 992 1910 1067 1950; x_wconf 85' lang='lat' dir='ltr'>hoc</span> <span class='ocrx_word' id='word_1_273' title='bbox 1080 1910 1338 1950; x_wconf 82' lang='lat' dir='ltr'>Politianusin</span> <span class='ocrx_word' id='word_1_274' title='bbox 1350 1912 1521 1958; x_wconf 73' lang='lat' dir='ltr'>Nutritia.</span> <span class='ocrx_word' id='word_1_275' title='bbox 1536 1912 1696 1954; x_wconf 80' lang='lat' dir='ltr'><strong>SOLAN.</strong></span> 
     </span>
     <span class='ocr_line' id='line_1_33' title="bbox 473 1963 1696 2019; baseline 0.002 -16"><span class='ocrx_word' id='word_1_276' title='bbox 473 1969 547 2004; x_wconf 81' lang='lat' dir='ltr'>ead.</span> <span class='ocrx_word' id='word_1_277' title='bbox 566 1965 590 2004; x_wconf 89' lang='lat' dir='ltr'>l.</span> <span class='ocrx_word' id='word_1_278' title='bbox 616 1964 674 2004; x_wconf 89' lang='lat'>16.</span> <span class='ocrx_word' id='word_1_279' title='bbox 690 1965 1028 2017; x_wconf 74' lang='grc' dir='ltr'>Κληρονομήσοιντοι</span> <span class='ocrx_word' id='word_1_280' title='bbox 1049 1963 1117 2005; x_wconf 67' lang='grc' dir='ltr'>τῆς</span> <span class='ocrx_word' id='word_1_281' title='bbox 1140 1964 1246 2017; x_wconf 70' lang='grc' dir='ltr'>ὅτε.)</span> <span class='ocrx_word' id='word_1_282' title='bbox 1271 1965 1401 2005; x_wconf 87' lang='lat' dir='ltr'>Attice</span> <span class='ocrx_word' id='word_1_283' title='bbox 1415 1979 1505 2006; x_wconf 91' lang='lat' dir='ltr'>cum</span> <span class='ocrx_word' id='word_1_284' title='bbox 1520 1966 1696 2019; x_wconf 81' lang='lat' dir='ltr'>genitivo</span> 
     </span>
     <span class='ocr_line' id='line_1_34' title="bbox 421 2018 1697 2072; baseline 0.002 -14"><span class='ocrx_word' id='word_1_285' title='bbox 421 2018 473 2058; x_wconf 83' lang='lat' dir='ltr'>ait</span> <span class='ocrx_word' id='word_1_286' title='bbox 487 2018 612 2059; x_wconf 78' lang='lat' dir='ltr'>Schol‘.</span> <span class='ocrx_word' id='word_1_287' title='bbox 629 2020 738 2060; x_wconf 86' lang='lat' dir='ltr'>bene.</span> <span class='ocrx_word' id='word_1_288' title='bbox 754 2019 813 2059; x_wconf 86' lang='lat' dir='ltr'>Ita</span> <span class='ocrx_word' id='word_1_289' title='bbox 830 2020 869 2060; x_wconf 84' lang='lat'>&amp;</span> <span class='ocrx_word' id='word_1_290' title='bbox 885 2018 998 2072; x_wconf 81' lang='lat' dir='ltr'>supra</span> <span class='ocrx_word' id='word_1_291' title='bbox 1019 2018 1173 2071; x_wconf 85' lang='lat' dir='ltr'>Quom.</span> <span class='ocrx_word' id='word_1_292' title='bbox 1194 2018 1292 2059; x_wconf 86' lang='lat' dir='ltr'>Hist.</span> <span class='ocrx_word' id='word_1_293' title='bbox 1306 2032 1388 2072; x_wconf 83' lang='lat' dir='ltr'>cap.</span> <span class='ocrx_word' id='word_1_294' title='bbox 1406 2034 1467 2060; x_wconf 92' lang='lat'>20.</span> <span class='ocrx_word' id='word_1_295' title='bbox 1483 2021 1633 2060; x_wconf 88' lang='lat' dir='ltr'>Verum</span> <span class='ocrx_word' id='word_1_296' title='bbox 1653 2020 1697 2060; x_wconf 84' lang='lat'>&amp;</span> 
     </span>
     <span class='ocr_line' id='line_1_35' title="bbox 421 2073 1698 2129; baseline 0.001 -15"><span class='ocrx_word' id='word_1_297' title='bbox 421 2086 511 2114; x_wconf 82' lang='lat' dir='ltr'>cum</span> <span class='ocrx_word' id='word_1_298' title='bbox 529 2073 727 2114; x_wconf 79' lang='lat' dir='ltr'>accusandi</span> <span class='ocrx_word' id='word_1_299' title='bbox 741 2073 829 2114; x_wconf 79' lang='lat' dir='ltr'>casu</span> <span class='ocrx_word' id='word_1_300' title='bbox 847 2073 1018 2126; x_wconf 88' lang='lat' dir='ltr'>Alciphr.</span> <span class='ocrx_word' id='word_1_301' title='bbox 1035 2074 1075 2122; x_wconf 89' lang='lat' dir='ltr'>l,</span> <span class='ocrx_word' id='word_1_302' title='bbox 1092 2073 1161 2125; x_wconf 85' lang='lat' dir='ltr'>Ep.</span> <span class='ocrx_word' id='word_1_303' title='bbox 1183 2087 1255 2126; x_wconf 81' lang='lat'>39,</span> <span class='ocrx_word' id='word_1_304' title='bbox 1276 2086 1361 2126; x_wconf 83' lang='lat' dir='ltr'>pag.</span> <span class='ocrx_word' id='word_1_305' title='bbox 1381 2087 1452 2127; x_wconf 85' lang='lat'>192</span> <span class='ocrx_word' id='word_1_306' title='bbox 1473 2073 1497 2114; x_wconf 91' lang='lat' dir='ltr'>f.</span> <span class='ocrx_word' id='word_1_307' title='bbox 1523 2073 1698 2129; x_wconf 68' lang='grc' dir='ltr'>ἔναγχος</span> 
     </span>
     <span class='ocr_line' id='line_1_36' title="bbox 420 2127 1615 2181; baseline 0.003 -15"><span class='ocrx_word' id='word_1_308' title='bbox 420 2129 499 2181; x_wconf 63' lang='grc' dir='ltr'>γὰρ</span> <span class='ocrx_word' id='word_1_309' title='bbox 514 2129 692 2168; x_wconf 72' lang='grc' dir='ltr'>’πλούσιον</span> <span class='ocrx_word' id='word_1_310' title='bbox 707 2128 995 2180; x_wconf 75' lang='grc' dir='ltr'>κεκληρονόμηκε</span> <span class='ocrx_word' id='word_1_311' title='bbox 1010 2127 1162 2179; x_wconf 70' lang='grc' dir='ltr'>πατέρα,</span> <span class='ocrx_word' id='word_1_312' title='bbox 1180 2130 1225 2166; x_wconf 66' lang='grc' dir='ltr'>τὸ</span> <span class='ocrx_word' id='word_1_313' title='bbox 1238 2130 1444 2179; x_wconf 65' lang='grc' dir='ltr'>μειράκιον.</span> <span class='ocrx_word' id='word_1_314' title='bbox 1465 2128 1615 2169; x_wconf 79' lang='lat' dir='ltr'>REITz.</span> 
     </span>
     <span class='ocr_line' id='line_1_37' title="bbox 476 2181 1698 2237; baseline 0.003 -17"><span class='ocrx_word' id='word_1_315' title='bbox 476 2183 569 2235; x_wconf 79' lang='lat' dir='ltr'><em>Pag.</em></span> <span class='ocrx_word' id='word_1_316' title='bbox 595 2196 652 2235; x_wconf 87' lang='lat'>15.</span> <span class='ocrx_word' id='word_1_317' title='bbox 675 2183 699 2222; x_wconf 90' lang='lat' dir='ltr'>l.</span> <span class='ocrx_word' id='word_1_318' title='bbox 726 2197 763 2233; x_wconf 88' lang='lat'>7.</span> <span class='ocrx_word' id='word_1_319' title='bbox 790 2182 866 2222; x_wconf 76' lang='grc' dir='ltr'>Τῶν</span> <span class='ocrx_word' id='word_1_320' title='bbox 887 2187 1012 2222; x_wconf 62' lang='grc' dir='ltr'>αλλων</span> <span class='ocrx_word' id='word_1_321' title='bbox 1035 2181 1254 2235; x_wconf 70' lang='grc' dir='ltr'>βαρβίτων)</span> <span class='ocrx_word' id='word_1_322' title='bbox 1271 2183 1374 2222; x_wconf 92' lang='lat' dir='ltr'>Hinc</span> <span class='ocrx_word' id='word_1_323' title='bbox 1396 2183 1548 2224; x_wconf 86' lang='lat' dir='ltr'>videtur</span> <span class='ocrx_word' id='word_1_324' title='bbox 1568 2182 1698 2237; x_wconf 83' lang='lat' dir='ltr'>colligi</span> 
     </span>
     <span class='ocr_line' id='line_1_38' title="bbox 423 2235 1404 2289; baseline -0.001 -13"><span class='ocrx_word' id='word_1_325' title='bbox 423 2236 547 2289; x_wconf 78' lang='lat' dir='ltr'>posse,</span> <span class='ocrx_word' id='word_1_326' title='bbox 564 2237 690 2288; x_wconf 84' lang='lat' dir='ltr'>lyram</span> <span class='ocrx_word' id='word_1_327' title='bbox 705 2237 745 2276; x_wconf 72' lang='grc' dir='ltr'>δι</span> <span class='ocrx_word' id='word_1_328' title='bbox 760 2237 937 2276; x_wconf 84' lang='lat' dir='ltr'>barbiton</span> <span class='ocrx_word' id='word_1_329' title='bbox 953 2237 1053 2276; x_wconf 88' lang='lat' dir='ltr'>idem</span> <span class='ocrx_word' id='word_1_330' title='bbox 1068 2235 1187 2276; x_wconf 71' lang='lat' dir='ltr'>fuiffe.</span> <span class='ocrx_word' id='word_1_331' title='bbox 1203 2236 1404 2276; x_wconf 80' lang='lat' dir='ltr'><strong>LONGOL.</strong></span> 
     </span>
     <span class='ocr_line' id='line_1_39' title="bbox 476 2289 1698 2345; baseline 0.002 -16"><span class='ocrx_word' id='word_1_332' title='bbox 476 2294 549 2330; x_wconf 76' lang='lat' dir='ltr'>ead.</span> <span class='ocrx_word' id='word_1_333' title='bbox 567 2292 592 2330; x_wconf 91' lang='lat' dir='ltr'>l.</span> <span class='ocrx_word' id='word_1_334' title='bbox 610 2305 668 2331; x_wconf 72' lang='grc' dir='ltr'>ιο.</span> <span class='ocrx_word' id='word_1_335' title='bbox 683 2291 912 2345; x_wconf 75' lang='grc' dir='ltr'>Τρισχιλίων</span> <span class='ocrx_word' id='word_1_336' title='bbox 933 2289 1149 2344; x_wconf 58' lang='grc' dir='ltr'>δραχμῶν)</span> <span class='ocrx_word' id='word_1_337' title='bbox 1166 2291 1204 2331; x_wconf 91' lang='grc' dir='ltr'><strong>Α</strong></span> <span class='ocrx_word' id='word_1_338' title='bbox 1225 2290 1308 2331; x_wconf 90' lang='lat' dir='ltr'>solo</span> <span class='ocrx_word' id='word_1_339' title='bbox 1327 2291 1498 2332; x_wconf 83' lang='lat' dir='ltr'>Luciano</span> <span class='ocrx_word' id='word_1_340' title='bbox 1517 2291 1593 2331; x_wconf 90' lang='lat' dir='ltr'>hoc</span> <span class='ocrx_word' id='word_1_341' title='bbox 1610 2305 1698 2332; x_wconf 89' lang='lat' dir='ltr'>me-</span> 
     </span>
    </p>
   </div>
   <div class='ocr_carea' id='block_1_12' title="bbox 422 2344 1775 2397">
    <p class='ocr_par' dir='ltr' id='par_1_17' title="bbox 422 2344 1775 2397">
     <span class='ocr_line' id='line_1_40' title="bbox 422 2344 1775 2397; baseline 0.001 -14"><span class='ocrx_word' id='word_1_342' title='bbox 422 2357 618 2393; x_wconf 81' lang='lat' dir='ltr'>moratur3</span> <span class='ocrx_word' id='word_1_343' title='bbox 640 2345 700 2385; x_wconf 87' lang='lat' dir='ltr'>sed</span> <span class='ocrx_word' id='word_1_344' title='bbox 720 2345 827 2385; x_wconf 81' lang='lat' dir='ltr'>facile</span> <span class='ocrx_word' id='word_1_345' title='bbox 846 2344 958 2384; x_wconf 88' lang='lat' dir='ltr'>fidem</span> <span class='ocrx_word' id='word_1_346' title='bbox 977 2344 1080 2385; x_wconf 85' lang='lat' dir='ltr'>facit.</span> <span class='ocrx_word' id='word_1_347' title='bbox 1098 2344 1304 2397; x_wconf 82' lang='lat' dir='ltr'>Quoniam</span> <span class='ocrx_word' id='word_1_348' title='bbox 1320 2357 1449 2386; x_wconf 84' lang='lat' dir='ltr'>autem</span> <span class='ocrx_word' id='word_1_349' title='bbox 1475 2347 1521 2386; x_wconf 89' lang='lat' dir='ltr'>de</span> <span class='ocrx_word' id='word_1_350' title='bbox 1541 2346 1698 2386; x_wconf 83' lang='lat' dir='ltr'>lucerna</span> <span class='ocrx_word' id='word_1_351' title='bbox 1765 2378 1775 2385; x_wconf 92' lang='lat'>..</span> 
     </span>
    </p>
   </div>
   <div class='ocr_carea' id='block_1_13' title="bbox 420 2397 1699 2508">
    <p class='ocr_par' dir='ltr' id='par_1_18' title="bbox 420 2397 1699 2508">
     <span class='ocr_line' id='line_1_41' title="bbox 420 2397 1699 2454; baseline 0.002 -16"><span class='ocrx_word' id='word_1_352' title='bbox 420 2397 525 2438; x_wconf 70' lang='lat' dir='ltr'>fiffili</span> <span class='ocrx_word' id='word_1_353' title='bbox 551 2400 757 2439; x_wconf 82' lang='lat' dir='ltr'>venerandi</span> <span class='ocrx_word' id='word_1_354' title='bbox 782 2399 877 2439; x_wconf 91' lang='lat' dir='ltr'>senis</span> <span class='ocrx_word' id='word_1_355' title='bbox 896 2399 1021 2439; x_wconf 89' lang='lat' dir='ltr'>sermo</span> <span class='ocrx_word' id='word_1_356' title='bbox 1050 2400 1201 2447; x_wconf 89' lang='lat' dir='ltr'>incidit,</span> <span class='ocrx_word' id='word_1_357' title='bbox 1219 2413 1362 2453; x_wconf 86' lang='lat' dir='ltr'>operae</span> <span class='ocrx_word' id='word_1_358' title='bbox 1387 2400 1550 2454; x_wconf 89' lang='lat' dir='ltr'>pretium</span> <span class='ocrx_word' id='word_1_359' title='bbox 1575 2399 1628 2440; x_wconf 87' lang='lat' dir='ltr'>est</span> <span class='ocrx_word' id='word_1_360' title='bbox 1646 2413 1699 2440; x_wconf 77' lang='lat' dir='ltr'>ex</span> 
     </span>
     <span class='ocr_line' id='line_1_42' title="bbox 422 2452 1698 2508; baseline 0.004 -17"><span class='ocrx_word' id='word_1_361' title='bbox 422 2452 504 2506; x_wconf 83' lang='lat' dir='ltr'>ipso</span> <span class='ocrx_word' id='word_1_362' title='bbox 528 2453 704 2507; x_wconf 54' lang='lat' dir='ltr'>Epicieto</span> <span class='ocrx_word' id='word_1_363' title='bbox 723 2455 823 2508; x_wconf 86' lang='lat' dir='ltr'>apud</span> <span class='ocrx_word' id='word_1_364' title='bbox 841 2454 1052 2495; x_wconf 77' lang='lat' dir='ltr'>Attianum</span> <span class='ocrx_word' id='word_1_365' title='bbox 1074 2467 1110 2507; x_wconf 89' lang='lat' dir='ltr'>p.</span> <span class='ocrx_word' id='word_1_366' title='bbox 1130 2467 1180 2494; x_wconf 90' lang='lat' dir='ltr'>m.</span> <span class='ocrx_word' id='word_1_367' title='bbox 1196 2468 1247 2507; x_wconf 85' lang='lat'>72</span> <span class='ocrx_word' id='word_1_368' title='bbox 1267 2455 1313 2495; x_wconf 91' lang='grc' dir='ltr'>Β.</span> <span class='ocrx_word' id='word_1_369' title='bbox 1338 2467 1407 2496; x_wconf 90' lang='lat' dir='ltr'>cur</span> <span class='ocrx_word' id='word_1_370' title='bbox 1429 2454 1536 2496; x_wconf 60' lang='lat' dir='ltr'>fictili</span> <span class='ocrx_word' id='word_1_371' title='bbox 1548 2467 1593 2495; x_wconf 88' lang='lat' dir='ltr'>ea</span> <span class='ocrx_word' id='word_1_372' title='bbox 1608 2453 1698 2496; x_wconf 84' lang='lat' dir='ltr'>usus</span> 
     </span>
    </p>
   </div>
   <div class='ocr_carea' id='block_1_14' title="bbox 1737 0 1835 3408">
    <p class='ocr_par' dir='ltr' id='par_1_19' title="bbox 1737 0 1835 3408">
     <span class='ocr_line' id='line_1_43' title="bbox 1737 0 1835 3408; baseline 0 0"><span class='ocrx_word' id='word_1_373' title='bbox 1737 0 1835 3408; x_wconf 95' lang='lat' dir='ltr'> </span> 
     </span>
    </p>
   </div>
  </div>
 </body>
</html>
