<?xml version="1.0" encoding="UTF-8"?>
<!DOCTYPE html PUBLIC "-//W3C//DTD XHTML 1.0 Transitional//EN"
    "http://www.w3.org/TR/xhtml1/DTD/xhtml1-transitional.dtd">
<html xmlns="http://www.w3.org/1999/xhtml" xml:lang="en" lang="en">
 <head>
  <title>
</title>
<meta http-equiv="Content-Type" content="text/html;charset=utf-8" />
  <meta name='ocr-system' content='tesseract 3.04.00' />
  <meta name='ocr-capabilities' content='ocr_page ocr_carea ocr_par ocr_line ocrx_word'/>
</head>
<body>
  <div class='ocr_page' id='page_1' title='image "./operagraeceetlat08luciuoft/operagraeceetlat08luciuoft_0435.png"; bbox 0 0 1783 3403; ppageno 0'>
   <div class='ocr_carea' id='block_1_1' title="bbox 303 250 1294 317">
    <p class='ocr_par' dir='ltr' id='par_1_1' title="bbox 303 250 1294 317">
     <span class='ocr_line' id='line_1_1' title="bbox 303 250 1294 317; baseline 0.005 -19"><span class='ocrx_word' id='word_1_1' title='bbox 303 253 376 299; x_wconf 83' lang='lat' dir='ltr'><strong>IN</strong></span> <span class='ocrx_word' id='word_1_2' title='bbox 411 250 1009 300; x_wconf 89' lang='lat' dir='ltr'><strong>PSEUDOLOGISTAM.</strong></span> <span class='ocrx_word' id='word_1_3' title='bbox 1201 272 1294 317; x_wconf 88' lang='lat'><strong>427</strong></span> 
     </span>
    </p>
   </div>
   <div class='ocr_carea' id='block_1_2' title="bbox 0 338 1308 2594">
    <p class='ocr_par' dir='ltr' id='par_1_2' title="bbox 94 338 1292 434">
     <span class='ocr_line' id='line_1_2' title="bbox 94 338 1292 434; baseline 0 -53"><span class='ocrx_word' id='word_1_4' title='bbox 94 345 166 384; x_wconf 76' lang='lat' dir='ltr'><strong>ead.</strong></span> <span class='ocrx_word' id='word_1_5' title='bbox 183 343 208 381; x_wconf 91' lang='lat' dir='ltr'><strong>l.</strong></span> <span class='ocrx_word' id='word_1_6' title='bbox 227 355 286 382; x_wconf 86' lang='lat'><strong>11.</strong></span> <span class='ocrx_word' id='word_1_7' title='bbox 300 341 436 382; x_wconf 64' lang='grc' dir='ltr'>Ταῦτά</span> <span class='ocrx_word' id='word_1_8' title='bbox 450 341 528 434; x_wconf 58' lang='lat' dir='ltr'><strong>nl)</strong></span> <span class='ocrx_word' id='word_1_9' title='bbox 544 342 607 382; x_wconf 85' lang='lat' dir='ltr'><strong>An</strong></span> <span class='ocrx_word' id='word_1_10' title='bbox 623 338 774 390; x_wconf 60' lang='lat' dir='ltr'><strong>mant,</strong></span> <span class='ocrx_word' id='word_1_11' title='bbox 799 341 969 381; x_wconf 59' lang='lat' dir='ltr'><strong>Gurtr.</strong></span> <span class='ocrx_word' id='word_1_12' title='bbox 994 341 1099 382; x_wconf 87' lang='lat' dir='ltr'><strong>Bene</strong></span> <span class='ocrx_word' id='word_1_13' title='bbox 1112 370 1123 389; x_wconf 93' lang='lat'><strong>,</strong></span> <span class='ocrx_word' id='word_1_14' title='bbox 1150 341 1191 385; x_wconf 79' lang='grc' dir='ltr'><strong>δι</strong></span> <span class='ocrx_word' id='word_1_15' title='bbox 1205 343 1292 395; x_wconf 80' lang='lat' dir='ltr'><strong>quia</strong></span> 
     </span>
    </p>

    <p class='ocr_par' dir='ltr' id='par_1_3' title="bbox 41 395 1298 715">
     <span class='ocr_line' id='line_1_3' title="bbox 41 395 943 444; baseline -0.003 -8"><span class='ocrx_word' id='word_1_16' title='bbox 41 399 119 437; x_wconf 80' lang='lat' dir='ltr'><strong>ram</strong></span> <span class='ocrx_word' id='word_1_17' title='bbox 130 396 225 435; x_wconf 82' lang='lat' dir='ltr'><strong>levis</strong></span> <span class='ocrx_word' id='word_1_18' title='bbox 236 395 290 435; x_wconf 88' lang='lat' dir='ltr'><strong>est</strong></span> <span class='ocrx_word' id='word_1_19' title='bbox 301 397 479 444; x_wconf 89' lang='lat' dir='ltr'><strong>mutatio,</strong></span> <span class='ocrx_word' id='word_1_20' title='bbox 511 408 546 435; x_wconf 73' lang='lat' dir='ltr'><strong>tc</strong></span> <span class='ocrx_word' id='word_1_21' title='bbox 559 397 618 435; x_wconf 89' lang='lat' dir='ltr'><strong>edi</strong></span> <span class='ocrx_word' id='word_1_22' title='bbox 632 397 780 436; x_wconf 86' lang='lat' dir='ltr'><strong>curavi.</strong></span> <span class='ocrx_word' id='word_1_23' title='bbox 797 395 943 433; x_wconf 76' lang='lat' dir='ltr'><strong>Rmrz.</strong></span> 
     </span>
     <span class='ocr_line' id='line_1_4' title="bbox 49 447 1295 501; baseline 0 -12"><span class='ocrx_word' id='word_1_24' title='bbox 49 451 55 456; x_wconf 84' lang='grc'><em>’</em></span> <span class='ocrx_word' id='word_1_25' title='bbox 95 450 202 489; x_wconf 82' lang='lat' dir='ltr'><strong>ead.l.</strong></span> <span class='ocrx_word' id='word_1_26' title='bbox 221 463 277 501; x_wconf 86' lang='lat'><strong>¹3·</strong></span> <span class='ocrx_word' id='word_1_27' title='bbox 298 450 455 496; x_wconf 80' lang='grc' dir='ltr'>Πὸθεν;)</span> <span class='ocrx_word' id='word_1_28' title='bbox 481 448 622 488; x_wconf 85' lang='lat' dir='ltr'>Forsan</span> <span class='ocrx_word' id='word_1_29' title='bbox 643 449 750 488; x_wconf 70' lang='grc' dir='ltr'><em>πόθεν</em></span> <span class='ocrx_word' id='word_1_30' title='bbox 765 452 846 500; x_wconf 56' lang='grc' dir='ltr'><strong>’γὰρ</strong></span> <span class='ocrx_word' id='word_1_31' title='bbox 859 447 1044 501; x_wconf 69' lang='lat' dir='ltr'><strong>quaesivit</strong></span> <span class='ocrx_word' id='word_1_32' title='bbox 1069 447 1195 488; x_wconf 87' lang='lat' dir='ltr'><strong>Solan.</strong></span> <span class='ocrx_word' id='word_1_33' title='bbox 1210 449 1295 490; x_wconf 85' lang='lat' dir='ltr'><strong>Nec</strong></span> 
     </span>
     <span class='ocr_line' id='line_1_5' title="bbox 43 501 1295 554; baseline -0.002 -10"><span class='ocrx_word' id='word_1_34' title='bbox 43 503 139 552; x_wconf 76' lang='lat' dir='ltr'><strong>adeo</strong></span> <span class='ocrx_word' id='word_1_35' title='bbox 152 503 353 542; x_wconf 85' lang='lat' dir='ltr'><strong>immerito.</strong></span> <span class='ocrx_word' id='word_1_36' title='bbox 366 503 457 541; x_wconf 90' lang='lat' dir='ltr'><strong>Vid.</strong></span> <span class='ocrx_word' id='word_1_37' title='bbox 471 502 518 542; x_wconf 90' lang='lat' dir='ltr'><strong>de</strong></span> <span class='ocrx_word' id='word_1_38' title='bbox 529 503 600 542; x_wconf 86' lang='lat' dir='ltr'><strong>hac</strong></span> <span class='ocrx_word' id='word_1_39' title='bbox 613 502 778 542; x_wconf 85' lang='lat' dir='ltr'><strong>formula</strong></span> <span class='ocrx_word' id='word_1_40' title='bbox 790 501 917 553; x_wconf 86' lang='lat' dir='ltr'><strong>Bergl.</strong></span> <span class='ocrx_word' id='word_1_41' title='bbox 934 502 977 540; x_wconf 88' lang='lat' dir='ltr'><strong>ad</strong></span> <span class='ocrx_word' id='word_1_42' title='bbox 992 502 1158 553; x_wconf 84' lang='lat' dir='ltr'><strong>Alcipbr.</strong></span> <span class='ocrx_word' id='word_1_43' title='bbox 1174 501 1206 547; x_wconf 90' lang='lat'><strong>1,</strong></span> <span class='ocrx_word' id='word_1_44' title='bbox 1224 501 1295 554; x_wconf 85' lang='lat' dir='ltr'><strong>Ep.</strong></span> 
     </span>
     <span class='ocr_line' id='line_1_6' title="bbox 46 555 1297 610; baseline -0.002 -14"><span class='ocrx_word' id='word_1_45' title='bbox 46 555 111 609; x_wconf 62' lang='grc' dir='ltr'><strong>ἐς,</strong></span> <span class='ocrx_word' id='word_1_46' title='bbox 123 570 158 608; x_wconf 90' lang='lat' dir='ltr'><strong>p.</strong></span> <span class='ocrx_word' id='word_1_47' title='bbox 173 570 235 610; x_wconf 87' lang='lat'><strong>92.</strong></span> <span class='ocrx_word' id='word_1_48' title='bbox 249 555 296 595; x_wconf 90' lang='lat' dir='ltr'><strong>Et</strong></span> <span class='ocrx_word' id='word_1_49' title='bbox 309 555 522 595; x_wconf 87' lang='lat' dir='ltr'><strong>Hemsterh.</strong></span> <span class='ocrx_word' id='word_1_50' title='bbox 537 556 639 596; x_wconf 85' lang='lat' dir='ltr'><strong>Tim.</strong></span> <span class='ocrx_word' id='word_1_51' title='bbox 655 556 670 606; x_wconf 89' lang='lat'>§</span> <span class='ocrx_word' id='word_1_52' title='bbox 687 571 708 594; x_wconf 92' lang='lat'>2</span> <span class='ocrx_word' id='word_1_53' title='bbox 726 557 765 595; x_wconf 77' lang='grc' dir='ltr'><strong>δι</strong></span> <span class='ocrx_word' id='word_1_54' title='bbox 789 555 826 594; x_wconf 91' lang='grc'><strong>8.</strong></span> <span class='ocrx_word' id='word_1_55' title='bbox 851 555 953 594; x_wconf 86' lang='lat' dir='ltr'><strong>Nihil</strong></span> <span class='ocrx_word' id='word_1_56' title='bbox 967 556 1026 594; x_wconf 81' lang='lat' dir='ltr'><strong>hic</strong></span> <span class='ocrx_word' id='word_1_57' title='bbox 1045 568 1169 595; x_wconf 89' lang='lat' dir='ltr'><strong>tamen</strong></span> <span class='ocrx_word' id='word_1_58' title='bbox 1184 555 1297 594; x_wconf 89' lang='lat' dir='ltr'><strong>adde-</strong></span> 
     </span>
     <span class='ocr_line' id='line_1_7' title="bbox 43 605 1298 663; baseline -0.002 -14"><span class='ocrx_word' id='word_1_59' title='bbox 43 622 144 649; x_wconf 85' lang='lat' dir='ltr'>rem:</span> <span class='ocrx_word' id='word_1_60' title='bbox 167 623 252 648; x_wconf 87' lang='lat' dir='ltr'><strong>nam</strong></span> <span class='ocrx_word' id='word_1_61' title='bbox 266 610 307 648; x_wconf 77' lang='grc' dir='ltr'><strong>δι</strong></span> <span class='ocrx_word' id='word_1_62' title='bbox 321 608 371 649; x_wconf 81' lang='lat' dir='ltr'><strong>sic</strong></span> <span class='ocrx_word' id='word_1_63' title='bbox 381 609 475 649; x_wconf 85' lang='lat' dir='ltr'><strong>infra</strong></span> <span class='ocrx_word' id='word_1_64' title='bbox 491 621 530 661; x_wconf 68' lang='grc' dir='ltr'>ᾳ</span> <span class='ocrx_word' id='word_1_65' title='bbox 545 623 607 663; x_wconf 89' lang='lat'><strong>29,</strong></span> <span class='ocrx_word' id='word_1_66' title='bbox 619 609 750 657; x_wconf 60' lang='lat' dir='ltr'><strong>vrbem</strong></span> <span class='ocrx_word' id='word_1_67' title='bbox 768 608 828 648; x_wconf 81' lang='grc' dir='ltr'><strong>τίς</strong></span> <span class='ocrx_word' id='word_1_68' title='bbox 846 605 959 649; x_wconf 69' lang='grc' dir='ltr'><strong><em>οὕτως</em></strong></span> <span class='ocrx_word' id='word_1_69' title='bbox 975 609 1012 648; x_wconf 78' lang='grc' dir='ltr'><strong>ἐν</strong></span> <span class='ocrx_word' id='word_1_70' title='bbox 1027 608 1157 662; x_wconf 64' lang='grc' dir='ltr'><strong><em>λόγοις</em></strong></span> <span class='ocrx_word' id='word_1_71' title='bbox 1167 623 1298 662; x_wconf 68' lang='grc' dir='ltr'>μεγαι-</span> 
     </span>
     <span class='ocr_line' id='line_1_8' title="bbox 45 662 413 715; baseline 0 -13"><span class='ocrx_word' id='word_1_72' title='bbox 45 662 254 715; x_wconf 60' lang='grc' dir='ltr'><strong>Ᾰὸτολμοςς</strong></span> <span class='ocrx_word' id='word_1_73' title='bbox 267 662 413 702; x_wconf 71' lang='lat' dir='ltr'><strong>Rnrz.</strong></span> 
     </span>
    </p>

    <p class='ocr_par' dir='ltr' id='par_1_4' title="bbox 0 713 1302 1720">
     <span class='ocr_line' id='line_1_9' title="bbox 97 713 1296 770; baseline 0 -15"><span class='ocrx_word' id='word_1_74' title='bbox 97 716 176 755; x_wconf 82' lang='lat' dir='ltr'><em>ibid.</em></span> <span class='ocrx_word' id='word_1_75' title='bbox 193 715 342 754; x_wconf 67' lang='grc' dir='ltr'><strong>Πολλοῦ</strong></span> <span class='ocrx_word' id='word_1_76' title='bbox 352 731 402 770; x_wconf 68' lang='grc' dir='ltr'><strong>γε</strong></span> <span class='ocrx_word' id='word_1_77' title='bbox 413 715 478 755; x_wconf 61' lang='grc' dir='ltr'><strong>καὶ</strong></span> <span class='ocrx_word' id='word_1_78' title='bbox 492 714 588 768; x_wconf 57' lang='grc' dir='ltr'><strong>δέω)</strong></span> <span class='ocrx_word' id='word_1_79' title='bbox 609 715 734 756; x_wconf 85' lang='lat' dir='ltr'><strong>Huius</strong></span> <span class='ocrx_word' id='word_1_80' title='bbox 748 713 925 767; x_wconf 84' lang='lat' dir='ltr'>phraseos</span> <span class='ocrx_word' id='word_1_81' title='bbox 939 714 1109 766; x_wconf 88' lang='lat' dir='ltr'><strong>exempla</strong></span> <span class='ocrx_word' id='word_1_82' title='bbox 1124 715 1296 767; x_wconf 89' lang='lat' dir='ltr'><strong>complu-</strong></span> 
     </span>
     <span class='ocr_line' id='line_1_10' title="bbox 44 767 1298 821; baseline -0.002 -10"><span class='ocrx_word' id='word_1_83' title='bbox 44 768 101 811; x_wconf 75' lang='lat' dir='ltr'><strong>i&#39;ia</strong></span> <span class='ocrx_word' id='word_1_84' title='bbox 118 767 226 811; x_wconf 75' lang='lat' dir='ltr'><strong>affert</strong></span> <span class='ocrx_word' id='word_1_85' title='bbox 239 768 268 808; x_wconf 91' lang='lat'><strong>1.</strong></span> <span class='ocrx_word' id='word_1_86' title='bbox 283 769 436 821; x_wconf 82' lang='lat' dir='ltr'><strong>Taylor</strong></span> <span class='ocrx_word' id='word_1_87' title='bbox 449 769 488 808; x_wconf 88' lang='lat' dir='ltr'><strong>in</strong></span> <span class='ocrx_word' id='word_1_88' title='bbox 501 781 592 809; x_wconf 89' lang='lat' dir='ltr'><strong>nota</strong></span> <span class='ocrx_word' id='word_1_89' title='bbox 605 783 626 807; x_wconf 89' lang='lat'>2</span> <span class='ocrx_word' id='word_1_90' title='bbox 637 770 682 808; x_wconf 93' lang='lat' dir='ltr'><strong>ad</strong></span> <span class='ocrx_word' id='word_1_91' title='bbox 695 768 830 820; x_wconf 83' lang='lat' dir='ltr'><strong>Lyfiae</strong></span> <span class='ocrx_word' id='word_1_92' title='bbox 851 768 964 808; x_wconf 78' lang='lat' dir='ltr'><strong>Orat.</strong></span> <span class='ocrx_word' id='word_1_93' title='bbox 982 767 1126 807; x_wconf 84' lang='lat' dir='ltr'>advers.</span> <span class='ocrx_word' id='word_1_94' title='bbox 1141 769 1298 808; x_wconf 81' lang='lat' dir='ltr'><strong>delatio-</strong></span> 
     </span>
     <span class='ocr_line' id='line_1_11' title="bbox 45 821 1300 876; baseline -0.001 -13"><span class='ocrx_word' id='word_1_95' title='bbox 45 835 147 870; x_wconf 81' lang='lat' dir='ltr'><strong>nem,</strong></span> <span class='ocrx_word' id='word_1_96' title='bbox 160 835 244 876; x_wconf 85' lang='lat' dir='ltr'><strong>pag.</strong></span> <span class='ocrx_word' id='word_1_97' title='bbox 255 835 348 874; x_wconf 83' lang='lat'><strong>405,</strong></span> <span class='ocrx_word' id='word_1_98' title='bbox 362 821 404 862; x_wconf 76' lang='grc' dir='ltr'><strong>δι</strong></span> <span class='ocrx_word' id='word_1_99' title='bbox 414 823 514 862; x_wconf 56' lang='lat' dir='ltr'><strong>recle</strong></span> <span class='ocrx_word' id='word_1_100' title='bbox 525 823 677 875; x_wconf 79' lang='lat' dir='ltr'><strong>quidem</strong></span> <span class='ocrx_word' id='word_1_101' title='bbox 689 823 862 874; x_wconf 83' lang='lat' dir='ltr'>exponit,</span> <span class='ocrx_word' id='word_1_102' title='bbox 872 835 956 861; x_wconf 89' lang='lat' dir='ltr'><strong>eam</strong></span> <span class='ocrx_word' id='word_1_103' title='bbox 966 821 1191 873; x_wconf 65' lang='lat' dir='ltr'><strong>significare,</strong></span> <span class='ocrx_word' id='word_1_104' title='bbox 1203 824 1300 873; x_wconf 80' lang='lat' dir='ltr'><strong>longe</strong></span> 
     </span>
     <span class='ocr_line' id='line_1_12' title="bbox 40 875 1295 930; baseline 0 -15"><span class='ocrx_word' id='word_1_105' title='bbox 40 875 158 928; x_wconf 79' lang='lat' dir='ltr'><strong>abfitm</strong></span> <span class='ocrx_word' id='word_1_106' title='bbox 166 890 186 924; x_wconf 86' lang='lat'><strong>,·</strong></span> <span class='ocrx_word' id='word_1_107' title='bbox 199 876 320 916; x_wconf 70' lang='lat' dir='ltr'><strong>veluti</strong></span> <span class='ocrx_word' id='word_1_108' title='bbox 339 887 488 924; x_wconf 86' lang='lat' dir='ltr'><strong>contra,</strong></span> <span class='ocrx_word' id='word_1_109' title='bbox 508 877 635 930; x_wconf 66' lang='grc' dir='ltr'><strong><em>ὀλίγου</em></strong></span> <span class='ocrx_word' id='word_1_110' title='bbox 648 875 692 915; x_wconf 57' lang='lat' dir='ltr'><strong>s}</strong></span> <span class='ocrx_word' id='word_1_111' title='bbox 702 875 778 916; x_wconf 54' lang='grc' dir='ltr'><strong>θέω</strong></span> <span class='ocrx_word' id='word_1_112' title='bbox 796 876 938 929; x_wconf 64' lang='grc' dir='ltr'><strong>λέγειν,</strong></span> <span class='ocrx_word' id='word_1_113' title='bbox 956 889 1078 926; x_wconf 84' lang='lat' dir='ltr'><strong>parum</strong></span> <span class='ocrx_word' id='word_1_114' title='bbox 1091 878 1190 928; x_wconf 81' lang='lat' dir='ltr'><strong>abest,</strong></span> <span class='ocrx_word' id='word_1_115' title='bbox 1213 878 1295 927; x_wconf 81' lang='lat' dir='ltr'><strong>quin</strong></span> 
     </span>
     <span class='ocr_line' id='line_1_13' title="bbox 43 928 1300 981; baseline 0.001 -14"><span class='ocrx_word' id='word_1_116' title='bbox 43 930 166 974; x_wconf 72' lang='lat' dir='ltr'><strong>dicam.</strong></span> <span class='ocrx_word' id='word_1_117' title='bbox 183 929 333 970; x_wconf 82' lang='lat' dir='ltr'><strong>Verum</strong></span> <span class='ocrx_word' id='word_1_118' title='bbox 347 928 482 969; x_wconf 86' lang='lat' dir='ltr'><strong>frustra</strong></span> <span class='ocrx_word' id='word_1_119' title='bbox 503 930 595 969; x_wconf 86' lang='lat' dir='ltr'><strong>mihi</strong></span> <span class='ocrx_word' id='word_1_120' title='bbox 615 929 765 968; x_wconf 87' lang='lat' dir='ltr'><strong>videtur</strong></span> <span class='ocrx_word' id='word_1_121' title='bbox 780 929 932 968; x_wconf 86' lang='lat' dir='ltr'><strong>haerere</strong></span> <span class='ocrx_word' id='word_1_122' title='bbox 946 929 983 967; x_wconf 89' lang='lat' dir='ltr'><strong>in</strong></span> <span class='ocrx_word' id='word_1_123' title='bbox 1003 928 1128 968; x_wconf 79' lang='lat' dir='ltr'><strong>verbis</strong></span> <span class='ocrx_word' id='word_1_124' title='bbox 1140 930 1300 981; x_wconf 85' lang='lat' dir='ltr'><strong>Lyfiae,</strong></span> 
     </span>
     <span class='ocr_line' id='line_1_14' title="bbox 43 979 1300 1041; baseline 0 -19"><span class='ocrx_word' id='word_1_125' title='bbox 43 983 184 1041; x_wconf 71' lang='lat' dir='ltr'><strong>quibus</strong></span> <span class='ocrx_word' id='word_1_126' title='bbox 196 983 226 1022; x_wconf 86' lang='lat' dir='ltr'><strong>is</strong></span> <span class='ocrx_word' id='word_1_127' title='bbox 237 983 452 1024; x_wconf 87' lang='lat' dir='ltr'><strong>orationem</strong></span> <span class='ocrx_word' id='word_1_128' title='bbox 463 983 625 1030; x_wconf 86' lang='lat' dir='ltr'><strong>orditur,</strong></span> <span class='ocrx_word' id='word_1_129' title='bbox 637 983 785 1023; x_wconf 85' lang='lat' dir='ltr'><strong>dicens:</strong></span> <span class='ocrx_word' id='word_1_130' title='bbox 806 979 952 1021; x_wconf 67' lang='grc' dir='ltr'><strong>Πολλοῦ</strong></span> <span class='ocrx_word' id='word_1_131' title='bbox 962 981 1034 1022; x_wconf 58' lang='grc' dir='ltr'><strong>δέω</strong></span> <span class='ocrx_word' id='word_1_132' title='bbox 1047 982 1159 1035; x_wconf 66' lang='grc' dir='ltr'>χάριν</span> <span class='ocrx_word' id='word_1_133' title='bbox 1173 983 1300 1033; x_wconf 75' lang='grc' dir='ltr'><strong><em>ἔχειν,</em></strong></span> 
     </span>
     <span class='ocr_line' id='line_1_15' title="bbox 44 1035 1301 1090; baseline 0.002 -18"><span class='ocrx_word' id='word_1_134' title='bbox 44 1040 72 1079; x_wconf 67' lang='grc' dir='ltr'><em>ὰ</em></span> <span class='ocrx_word' id='word_1_135' title='bbox 82 1035 215 1084; x_wconf 68' lang='grc' dir='ltr'>βουλὴ,</span> <span class='ocrx_word' id='word_1_136' title='bbox 221 1035 494 1090; x_wconf 60' lang='grc' dir='ltr'><strong>τῷμιατηγόρῳ.</strong></span> <span class='ocrx_word' id='word_1_137' title='bbox 502 1036 622 1089; x_wconf 83' lang='lat' dir='ltr'><strong>Quae</strong></span> <span class='ocrx_word' id='word_1_138' title='bbox 629 1037 746 1076; x_wconf 85' lang='lat' dir='ltr'><strong>verba</strong></span> <span class='ocrx_word' id='word_1_139' title='bbox 757 1047 861 1076; x_wconf 86' lang='lat' dir='ltr'><strong>certe</strong></span> <span class='ocrx_word' id='word_1_140' title='bbox 872 1036 922 1075; x_wconf 66' lang='lat' dir='ltr'><strong>ibi</strong></span> <span class='ocrx_word' id='word_1_141' title='bbox 931 1035 1135 1088; x_wconf 62' lang='lat' dir='ltr'><strong>significare</strong></span> <span class='ocrx_word' id='word_1_142' title='bbox 1145 1036 1301 1084; x_wconf 83' lang='lat' dir='ltr'><strong>debent,</strong></span> 
     </span>
     <span class='ocr_line' id='line_1_16' title="bbox 39 1088 1299 1144; baseline 0.001 -16"><span class='ocrx_word' id='word_1_143' title='bbox 39 1089 208 1144; x_wconf 76' lang='lat' dir='ltr'><strong>plurimas</strong></span> <span class='ocrx_word' id='word_1_144' title='bbox 226 1091 359 1141; x_wconf 73' lang='lat' dir='ltr'><strong>gratias</strong></span> <span class='ocrx_word' id='word_1_145' title='bbox 381 1092 481 1129; x_wconf 77' lang='lat' dir='ltr'><strong>debeo</strong></span> <span class='ocrx_word' id='word_1_146' title='bbox 505 1090 690 1143; x_wconf 74' lang='lat' dir='ltr'><strong>accufiztori</strong></span> <span class='ocrx_word' id='word_1_147' title='bbox 700 1106 717 1138; x_wconf 88' lang='lat'><em>;</em></span> <span class='ocrx_word' id='word_1_148' title='bbox 732 1089 865 1142; x_wconf 88' lang='lat' dir='ltr'><strong>(quod</strong></span> <span class='ocrx_word' id='word_1_149' title='bbox 885 1088 1021 1130; x_wconf 78' lang='lat' dir='ltr'><strong>scilicet</strong></span> <span class='ocrx_word' id='word_1_150' title='bbox 1043 1090 1104 1129; x_wconf 88' lang='lat' dir='ltr'><strong>diu</strong></span> <span class='ocrx_word' id='word_1_151' title='bbox 1128 1102 1299 1143; x_wconf 84' lang='lat' dir='ltr'><strong>optatam</strong></span> 
     </span>
     <span class='ocr_line' id='line_1_17' title="bbox 43 1141 1300 1197; baseline -0.001 -13"><span class='ocrx_word' id='word_1_152' title='bbox 43 1141 283 1184; x_wconf 74' lang='lat' dir='ltr'><strong>occationem</strong></span> <span class='ocrx_word' id='word_1_153' title='bbox 298 1143 548 1195; x_wconf 82' lang='lat' dir='ltr'><strong>praebuerit,</strong></span> <span class='ocrx_word' id='word_1_154' title='bbox 569 1156 677 1183; x_wconf 88' lang='lat' dir='ltr'><strong>meae</strong></span> <span class='ocrx_word' id='word_1_155' title='bbox 688 1144 788 1183; x_wconf 87' lang='lat' dir='ltr'><strong>vitae</strong></span> <span class='ocrx_word' id='word_1_156' title='bbox 803 1144 968 1183; x_wconf 83' lang='lat' dir='ltr'><strong>rationes</strong></span> <span class='ocrx_word' id='word_1_157' title='bbox 989 1143 1230 1197; x_wconf 84' lang='lat' dir='ltr'><strong>exponendi)</strong></span> <span class='ocrx_word' id='word_1_158' title='bbox 1257 1155 1300 1183; x_wconf 89' lang='lat' dir='ltr'><strong>ut</strong></span> 
     </span>
     <span class='ocr_line' id='line_1_18' title="bbox 42 1195 1300 1250; baseline -0.002 -12"><span class='ocrx_word' id='word_1_159' title='bbox 42 1198 141 1238; x_wconf 85' lang='lat' dir='ltr'><strong>hene</strong></span> <span class='ocrx_word' id='word_1_160' title='bbox 153 1196 250 1236; x_wconf 86' lang='lat' dir='ltr'><strong>vidit</strong></span> <span class='ocrx_word' id='word_1_161' title='bbox 269 1197 365 1250; x_wconf 87' lang='lat' dir='ltr'><strong>ipse:</strong></span> <span class='ocrx_word' id='word_1_162' title='bbox 390 1198 544 1250; x_wconf 87' lang='lat' dir='ltr'><strong>quando</strong></span> <span class='ocrx_word' id='word_1_163' title='bbox 557 1209 684 1238; x_wconf 88' lang='lat' dir='ltr'><strong>autem</strong></span> <span class='ocrx_word' id='word_1_164' title='bbox 699 1197 813 1243; x_wconf 83' lang='lat' dir='ltr'>addit,</span> <span class='ocrx_word' id='word_1_165' title='bbox 824 1196 889 1248; x_wconf 86' lang='lat' dir='ltr'><strong>sed</strong></span> <span class='ocrx_word' id='word_1_166' title='bbox 901 1196 1043 1250; x_wconf 73' lang='lat' dir='ltr'><strong>proseHo</strong></span> <span class='ocrx_word' id='word_1_167' title='bbox 1058 1195 1204 1236; x_wconf 73' lang='grc' dir='ltr'><strong>πολλοῦ</strong></span> <span class='ocrx_word' id='word_1_168' title='bbox 1224 1196 1300 1236; x_wconf 56' lang='lat' dir='ltr'><strong>sico</strong></span> 
     </span>
     <span class='ocr_line' id='line_1_19' title="bbox 44 1244 1300 1303; baseline -0.002 -12"><span class='ocrx_word' id='word_1_169' title='bbox 44 1252 80 1291; x_wconf 69' lang='grc' dir='ltr'><strong>δ’</strong></span> <span class='ocrx_word' id='word_1_170' title='bbox 93 1249 172 1290; x_wconf 53' lang='grc' dir='ltr'><strong>δεῖν</strong></span> <span class='ocrx_word' id='word_1_171' title='bbox 188 1244 312 1302; x_wconf 77' lang='lat' dir='ltr'><strong>tamefl</strong></span> <span class='ocrx_word' id='word_1_172' title='bbox 321 1251 401 1289; x_wconf 83' lang='lat' dir='ltr'><strong>huic</strong></span> <span class='ocrx_word' id='word_1_173' title='bbox 408 1250 590 1302; x_wconf 65' lang='lat' dir='ltr'><strong>sententiae</strong></span> <span class='ocrx_word' id='word_1_174' title='bbox 608 1251 796 1302; x_wconf 80' lang='lat' dir='ltr'><strong>adversum,</strong></span> <span class='ocrx_word' id='word_1_175' title='bbox 807 1266 904 1303; x_wconf 85' lang='lat' dir='ltr'><strong>quam</strong></span> <span class='ocrx_word' id='word_1_176' title='bbox 914 1254 1004 1303; x_wconf 85' lang='lat' dir='ltr'><strong>quod</strong></span> <span class='ocrx_word' id='word_1_177' title='bbox 1017 1252 1175 1295; x_wconf 80' lang='lat' dir='ltr'><strong>maxime,</strong></span> <span class='ocrx_word' id='word_1_178' title='bbox 1193 1251 1300 1290; x_wconf 83' lang='lat' dir='ltr'><strong>vide-</strong></span> 
     </span>
     <span class='ocr_line' id='line_1_20' title="bbox 42 1303 1302 1357; baseline -0.002 -13"><span class='ocrx_word' id='word_1_179' title='bbox 42 1315 107 1348; x_wconf 82' lang='lat' dir='ltr'><strong>tur</strong></span> <span class='ocrx_word' id='word_1_180' title='bbox 124 1316 205 1344; x_wconf 90' lang='lat' dir='ltr'><strong>non</strong></span> <span class='ocrx_word' id='word_1_181' title='bbox 222 1303 416 1344; x_wconf 82' lang='lat' dir='ltr'><strong>attendiffe</strong></span> <span class='ocrx_word' id='word_1_182' title='bbox 430 1305 564 1344; x_wconf 85' lang='lat' dir='ltr'><strong>eodem</strong></span> <span class='ocrx_word' id='word_1_183' title='bbox 579 1305 722 1351; x_wconf 86' lang='lat' dir='ltr'><strong>redire,</strong></span> <span class='ocrx_word' id='word_1_184' title='bbox 741 1303 769 1343; x_wconf 75' lang='lat' dir='ltr'><strong>st</strong></span> <span class='ocrx_word' id='word_1_185' title='bbox 791 1303 968 1357; x_wconf 76' lang='lat' dir='ltr'><strong>negative</strong></span> <span class='ocrx_word' id='word_1_186' title='bbox 987 1304 1032 1343; x_wconf 94' lang='lat' dir='ltr'><strong>ad</strong></span> <span class='ocrx_word' id='word_1_187' title='bbox 1047 1303 1197 1343; x_wconf 88' lang='lat' dir='ltr'><strong>Graeca</strong></span> <span class='ocrx_word' id='word_1_188' title='bbox 1220 1306 1302 1343; x_wconf 87' lang='lat' dir='ltr'><strong>red-</strong></span> 
     </span>
     <span class='ocr_line' id='line_1_21' title="bbox 43 1356 1301 1412; baseline -0.002 -14"><span class='ocrx_word' id='word_1_189' title='bbox 43 1357 178 1398; x_wconf 80' lang='lat' dir='ltr'><strong>dideris</strong></span> <span class='ocrx_word' id='word_1_190' title='bbox 189 1388 203 1407; x_wconf 89' lang='lat'><strong>,</strong></span> <span class='ocrx_word' id='word_1_191' title='bbox 222 1357 386 1409; x_wconf 80' lang='lat' dir='ltr'><strong>nonsatis</strong></span> <span class='ocrx_word' id='word_1_192' title='bbox 398 1358 530 1411; x_wconf 73' lang='lat' dir='ltr'><strong>poffitm</strong></span> <span class='ocrx_word' id='word_1_193' title='bbox 541 1360 675 1412; x_wconf 82' lang='lat' dir='ltr'><strong>gratias</strong></span> <span class='ocrx_word' id='word_1_194' title='bbox 690 1358 810 1397; x_wconf 78' lang='lat' dir='ltr'><strong>habere</strong></span> <span class='ocrx_word' id='word_1_195' title='bbox 828 1357 1017 1408; x_wconf 80' lang='lat' dir='ltr'><strong>adversario</strong></span> <span class='ocrx_word' id='word_1_196' title='bbox 1030 1371 1046 1403; x_wconf 75' lang='lat'><strong>,⁸</strong></span> <span class='ocrx_word' id='word_1_197' title='bbox 1069 1370 1150 1409; x_wconf 85' lang='lat' dir='ltr'><strong>quo</strong></span> <span class='ocrx_word' id='word_1_198' title='bbox 1173 1356 1276 1396; x_wconf 73' lang='lat' dir='ltr'><strong>fa&amp;o</strong></span> <span class='ocrx_word' id='word_1_199' title='bbox 1287 1387 1301 1405; x_wconf 87' lang='lat'><strong>,</strong></span> 
     </span>
     <span class='ocr_line' id='line_1_22' title="bbox 43 1409 1302 1464; baseline -0.002 -13"><span class='ocrx_word' id='word_1_200' title='bbox 43 1411 137 1452; x_wconf 77' lang='lat' dir='ltr'><strong>nihil</strong></span> <span class='ocrx_word' id='word_1_201' title='bbox 148 1412 326 1451; x_wconf 82' lang='lat' dir='ltr'><strong>contrarii</strong></span> <span class='ocrx_word' id='word_1_202' title='bbox 340 1411 466 1451; x_wconf 81' lang='lat' dir='ltr'><strong>video.</strong></span> <span class='ocrx_word' id='word_1_203' title='bbox 490 1411 592 1451; x_wconf 87' lang='lat' dir='ltr'><strong>Nam</strong></span> <span class='ocrx_word' id='word_1_204' title='bbox 603 1412 668 1464; x_wconf 89' lang='lat' dir='ltr'><strong>qui</strong></span> <span class='ocrx_word' id='word_1_205' title='bbox 686 1410 900 1463; x_wconf 85' lang='lat' dir='ltr'><strong>profitetur,</strong></span> <span class='ocrx_word' id='word_1_206' title='bbox 924 1410 960 1451; x_wconf 88' lang='lat' dir='ltr'><strong>se</strong></span> <span class='ocrx_word' id='word_1_207' title='bbox 977 1410 1138 1451; x_wconf 84' lang='lat' dir='ltr'><strong>multum</strong></span> <span class='ocrx_word' id='word_1_208' title='bbox 1153 1409 1274 1450; x_wconf 84' lang='lat' dir='ltr'><strong>abeffe</strong></span> <span class='ocrx_word' id='word_1_209' title='bbox 1284 1440 1302 1456; x_wconf 88' lang='lat'><strong>,</strong></span> 
     </span>
     <span class='ocr_line' id='line_1_23' title="bbox 43 1463 1300 1516; baseline -0.002 -11"><span class='ocrx_word' id='word_1_210' title='bbox 43 1478 122 1505; x_wconf 91' lang='lat' dir='ltr'><strong>non</strong></span> <span class='ocrx_word' id='word_1_211' title='bbox 139 1463 343 1506; x_wconf 83' lang='lat' dir='ltr'><strong>neceffario</strong></span> <span class='ocrx_word' id='word_1_212' title='bbox 356 1465 465 1514; x_wconf 79' lang='lat' dir='ltr'><strong>dicit,</strong></span> <span class='ocrx_word' id='word_1_213' title='bbox 485 1465 522 1505; x_wconf 91' lang='lat' dir='ltr'><strong>se</strong></span> <span class='ocrx_word' id='word_1_214' title='bbox 539 1466 703 1505; x_wconf 89' lang='lat' dir='ltr'><strong>alienum</strong></span> <span class='ocrx_word' id='word_1_215' title='bbox 717 1464 791 1505; x_wconf 81' lang='lat' dir='ltr'><strong>effe</strong></span> <span class='ocrx_word' id='word_1_216' title='bbox 807 1465 853 1504; x_wconf 89' lang='lat' dir='ltr'><strong>ab</strong></span> <span class='ocrx_word' id='word_1_217' title='bbox 866 1465 927 1503; x_wconf 81' lang='lat' dir='ltr'><strong>illa</strong></span> <span class='ocrx_word' id='word_1_218' title='bbox 940 1477 981 1504; x_wconf 90' lang='lat' dir='ltr'><strong>re</strong></span> <span class='ocrx_word' id='word_1_219' title='bbox 992 1465 1134 1516; x_wconf 82' lang='lat' dir='ltr'><strong>agenda</strong></span> <span class='ocrx_word' id='word_1_220' title='bbox 1146 1493 1160 1509; x_wconf 89' lang='lat'><strong>,</strong></span> <span class='ocrx_word' id='word_1_221' title='bbox 1184 1464 1246 1503; x_wconf 86' lang='lat' dir='ltr'><strong>vel</strong></span> <span class='ocrx_word' id='word_1_222' title='bbox 1263 1464 1300 1502; x_wconf 86' lang='lat' dir='ltr'><strong>se</strong></span> 
     </span>
     <span class='ocr_line' id='line_1_24' title="bbox 43 1517 1299 1572; baseline -0.003 -12"><span class='ocrx_word' id='word_1_223' title='bbox 43 1519 149 1560; x_wconf 88' lang='lat' dir='ltr'><strong>nolle</strong></span> <span class='ocrx_word' id='word_1_224' title='bbox 164 1517 309 1565; x_wconf 85' lang='lat' dir='ltr'><strong>facere,</strong></span> <span class='ocrx_word' id='word_1_225' title='bbox 322 1531 482 1566; x_wconf 89' lang='lat' dir='ltr'><strong>verum,</strong></span> <span class='ocrx_word' id='word_1_226' title='bbox 503 1517 730 1572; x_wconf 78' lang='lat' dir='ltr'><strong>seimparem,</strong></span> <span class='ocrx_word' id='word_1_227' title='bbox 752 1517 852 1565; x_wconf 87' lang='lat' dir='ltr'><strong>five,</strong></span> <span class='ocrx_word' id='word_1_228' title='bbox 875 1517 1158 1571; x_wconf 75' lang='lat' dir='ltr'><strong>nonfitfficientem</strong></span> <span class='ocrx_word' id='word_1_229' title='bbox 1170 1518 1299 1557; x_wconf 90' lang='lat' dir='ltr'><strong>decla-</strong></span> 
     </span>
     <span class='ocr_line' id='line_1_25' title="bbox 0 1571 1301 1625; baseline -0.001 -13"><span class='ocrx_word' id='word_1_230' title='bbox 0 1592 1 1605; x_wconf 48' lang='lat'><em>*</em></span> <span class='ocrx_word' id='word_1_231' title='bbox 43 1584 102 1612; x_wconf 86' lang='lat' dir='ltr'><strong>rat</strong></span> <span class='ocrx_word' id='word_1_232' title='bbox 117 1588 126 1612; x_wconf 92' lang='lat'>:</span> <span class='ocrx_word' id='word_1_233' title='bbox 152 1572 326 1624; x_wconf 85' lang='lat' dir='ltr'><strong>adeoque</strong></span> <span class='ocrx_word' id='word_1_234' title='bbox 350 1585 438 1612; x_wconf 88' lang='lat' dir='ltr'><strong>cum</strong></span> <span class='ocrx_word' id='word_1_235' title='bbox 462 1571 499 1611; x_wconf 88' lang='lat' dir='ltr'><strong>se</strong></span> <span class='ocrx_word' id='word_1_236' title='bbox 529 1585 726 1625; x_wconf 88' lang='lat' dir='ltr'><strong>nunquam</strong></span> <span class='ocrx_word' id='word_1_237' title='bbox 748 1572 972 1612; x_wconf 78' lang='lat' dir='ltr'><strong>sufficientes</strong></span> <span class='ocrx_word' id='word_1_238' title='bbox 993 1572 1131 1624; x_wconf 82' lang='lat' dir='ltr'><strong>gratias</strong></span> <span class='ocrx_word' id='word_1_239' title='bbox 1160 1572 1301 1611; x_wconf 84' lang='lat' dir='ltr'><strong>habere</strong></span> 
     </span>
     <span class='ocr_line' id='line_1_26' title="bbox 43 1624 1299 1719; baseline -0.002 -53"><span class='ocrx_word' id='word_1_240' title='bbox 43 1625 149 1678; x_wconf 76' lang='lat' dir='ltr'><strong>posse</strong></span> <span class='ocrx_word' id='word_1_241' title='bbox 163 1625 377 1719; x_wconf 47' lang='lat' dir='ltr'><strong>{iversatio</strong></span> <span class='ocrx_word' id='word_1_242' title='bbox 388 1625 573 1673; x_wconf 84' lang='lat' dir='ltr'><strong>declarat,</strong></span> <span class='ocrx_word' id='word_1_243' title='bbox 591 1639 640 1667; x_wconf 90' lang='lat' dir='ltr'><strong>eo</strong></span> <span class='ocrx_word' id='word_1_244' title='bbox 663 1625 746 1679; x_wconf 89' lang='lat' dir='ltr'><strong>ipso</strong></span> <span class='ocrx_word' id='word_1_245' title='bbox 761 1625 913 1674; x_wconf 88' lang='lat' dir='ltr'><strong>fatetur,</strong></span> <span class='ocrx_word' id='word_1_246' title='bbox 933 1624 969 1665; x_wconf 87' lang='lat' dir='ltr'><strong>se</strong></span> <span class='ocrx_word' id='word_1_247' title='bbox 989 1626 1170 1666; x_wconf 79' lang='lat' dir='ltr'><strong>maximas</strong></span> <span class='ocrx_word' id='word_1_248' title='bbox 1183 1626 1216 1665; x_wconf 89' lang='lat' dir='ltr'><strong>ei</strong></span> <span class='ocrx_word' id='word_1_249' title='bbox 1234 1625 1299 1664; x_wconf 87' lang='lat' dir='ltr'><strong>de-</strong></span> 
     </span>
     <span class='ocr_line' id='line_1_27' title="bbox 45 1681 316 1720; baseline -0.007 0"><span class='ocrx_word' id='word_1_250' title='bbox 45 1681 148 1720; x_wconf 86' lang='lat' dir='ltr'><strong>bere.</strong></span> <span class='ocrx_word' id='word_1_251' title='bbox 208 1690 316 1719; x_wconf 74' lang='grc' dir='ltr'>ειη.</span> 
     </span>
    </p>

    <p class='ocr_par' dir='ltr' id='par_1_5' title="bbox 96 1732 1151 1786">
     <span class='ocr_line' id='line_1_28' title="bbox 96 1732 1151 1786; baseline -0.001 -14"><span class='ocrx_word' id='word_1_252' title='bbox 96 1734 170 1772; x_wconf 76' lang='lat' dir='ltr'><strong>ead.</strong></span> <span class='ocrx_word' id='word_1_253' title='bbox 185 1734 209 1771; x_wconf 92' lang='lat' dir='ltr'><strong>l.</strong></span> <span class='ocrx_word' id='word_1_254' title='bbox 230 1734 286 1773; x_wconf 91' lang='lat'><strong>16.</strong></span> <span class='ocrx_word' id='word_1_255' title='bbox 308 1732 536 1786; x_wconf 61' lang='grc' dir='ltr'>Σιμωνίὲην)</span> <span class='ocrx_word' id='word_1_256' title='bbox 551 1733 590 1773; x_wconf 92' lang='grc' dir='ltr'><strong>Α</strong></span> <span class='ocrx_word' id='word_1_257' title='bbox 603 1732 701 1773; x_wconf 78' lang='lat' dir='ltr'><strong>Ceio</strong></span> <span class='ocrx_word' id='word_1_258' title='bbox 714 1733 774 1772; x_wconf 84' lang='lat' dir='ltr'><strong>hic</strong></span> <span class='ocrx_word' id='word_1_259' title='bbox 788 1733 971 1772; x_wconf 86' lang='lat' dir='ltr'><strong>diversus.</strong></span> <span class='ocrx_word' id='word_1_260' title='bbox 991 1732 1151 1771; x_wconf 76' lang='lat' dir='ltr'>SOLAN.</span> 
     </span>
    </p>

    <p class='ocr_par' dir='ltr' id='par_1_6' title="bbox 45 1786 1298 1893">
     <span class='ocr_line' id='line_1_29' title="bbox 99 1786 1298 1840; baseline 0 -15"><span class='ocrx_word' id='word_1_261' title='bbox 99 1787 179 1826; x_wconf 79' lang='lat' dir='ltr'><em>ibid.</em></span> <span class='ocrx_word' id='word_1_262' title='bbox 197 1786 461 1840; x_wconf 61' lang='lat' dir='ltr'><strong>‘Iu-mbraen‘ta)</strong></span> <span class='ocrx_word' id='word_1_263' title='bbox 483 1788 559 1827; x_wconf 87' lang='lat' dir='ltr'><strong>Hic</strong></span> <span class='ocrx_word' id='word_1_264' title='bbox 578 1788 614 1826; x_wconf 84' lang='lat' dir='ltr'><strong>in</strong></span> <span class='ocrx_word' id='word_1_265' title='bbox 631 1787 813 1839; x_wconf 53' lang='lat' dir='ltr'><strong>pictorem</strong></span> <span class='ocrx_word' id='word_1_266' title='bbox 825 1787 1016 1839; x_wconf 68' lang='lat' dir='ltr'><strong>quendam</strong></span> <span class='ocrx_word' id='word_1_267' title='bbox 1029 1797 1104 1825; x_wconf 85' lang='lat' dir='ltr'><strong>tarn</strong></span> <span class='ocrx_word' id='word_1_268' title='bbox 1119 1786 1298 1826; x_wconf 86' lang='lat' dir='ltr'><strong>atrociter</strong></span> 
     </span>
     <span class='ocr_line' id='line_1_30' title="bbox 45 1839 1030 1893; baseline -0.002 -12"><span class='ocrx_word' id='word_1_269' title='bbox 45 1840 252 1893; x_wconf 86' lang='lat' dir='ltr'><strong>scripserat,</strong></span> <span class='ocrx_word' id='word_1_270' title='bbox 267 1853 311 1880; x_wconf 89' lang='lat' dir='ltr'><strong>ut</strong></span> <span class='ocrx_word' id='word_1_271' title='bbox 323 1840 523 1893; x_wconf 87' lang='lat' dir='ltr'><strong>suspendio</strong></span> <span class='ocrx_word' id='word_1_272' title='bbox 535 1842 654 1880; x_wconf 84' lang='lat' dir='ltr'><strong>vitam</strong></span> <span class='ocrx_word' id='word_1_273' title='bbox 668 1839 850 1880; x_wconf 86' lang='lat' dir='ltr'><strong>finiverit.</strong></span> <span class='ocrx_word' id='word_1_274' title='bbox 872 1839 1030 1880; x_wconf 74' lang='lat' dir='ltr'>SOLAN.</span> 
     </span>
    </p>

    <p class='ocr_par' dir='ltr' id='par_1_7' title="bbox 45 1893 1308 2269">
     <span class='ocr_line' id='line_1_31' title="bbox 101 1893 1297 1948; baseline -0.001 -16"><span class='ocrx_word' id='word_1_275' title='bbox 101 1895 189 1947; x_wconf 78' lang='lat' dir='ltr'><strong>Pag.</strong></span> <span class='ocrx_word' id='word_1_276' title='bbox 200 1895 264 1934; x_wconf 85' lang='lat'><strong>60.</strong></span> <span class='ocrx_word' id='word_1_277' title='bbox 278 1895 301 1933; x_wconf 90' lang='lat' dir='ltr'><strong>l.</strong></span> <span class='ocrx_word' id='word_1_278' title='bbox 319 1908 351 1933; x_wconf 88' lang='lat'><strong>2.</strong></span> <span class='ocrx_word' id='word_1_279' title='bbox 375 1894 644 1948; x_wconf 61' lang='grc' dir='ltr'><strong>Ὀροὸοικίὸην)</strong></span> <span class='ocrx_word' id='word_1_280' title='bbox 669 1895 803 1935; x_wconf 83' lang='lat' dir='ltr'><strong>Horat.</strong></span> <span class='ocrx_word' id='word_1_281' title='bbox 829 1894 947 1945; x_wconf 88' lang='lat' dir='ltr'><strong>Epod.</strong></span> <span class='ocrx_word' id='word_1_282' title='bbox 962 1894 1042 1932; x_wconf 80' lang='lat' dir='ltr'><strong>Vl:</strong></span> <span class='ocrx_word' id='word_1_283' title='bbox 1070 1894 1196 1944; x_wconf 83' lang='lat' dir='ltr'><strong>Qualis</strong></span> <span class='ocrx_word' id='word_1_284' title='bbox 1211 1893 1297 1944; x_wconf 84' lang='lat' dir='ltr'><strong>Ly-</strong></span> 
     </span>
     <span class='ocr_line' id='line_1_32' title="bbox 46 1946 1297 2001; baseline -0.003 -12"><span class='ocrx_word' id='word_1_285' title='bbox 46 1950 179 1998; x_wconf 76' lang='lat' dir='ltr'><strong>cambae</strong></span> <span class='ocrx_word' id='word_1_286' title='bbox 191 1948 326 2001; x_wconf 64' lang='lat' dir='ltr'><strong>spretus</strong></span> <span class='ocrx_word' id='word_1_287' title='bbox 339 1950 446 2000; x_wconf 80' lang='lat' dir='ltr'><strong>infido</strong></span> <span class='ocrx_word' id='word_1_288' title='bbox 456 1962 566 2000; x_wconf 79' lang='lat' dir='ltr'><strong>gener,</strong></span> <span class='ocrx_word' id='word_1_289' title='bbox 581 1950 659 1987; x_wconf 85' lang='lat' dir='ltr'><strong>Aut</strong></span> <span class='ocrx_word' id='word_1_290' title='bbox 672 1964 746 1988; x_wconf 88' lang='lat' dir='ltr'><strong>acer</strong></span> <span class='ocrx_word' id='word_1_291' title='bbox 761 1949 860 2001; x_wconf 84' lang='lat' dir='ltr'><strong>hostis</strong></span> <span class='ocrx_word' id='word_1_292' title='bbox 874 1948 1020 2000; x_wconf 81' lang='lat' dir='ltr'><strong>Bupalo.</strong></span> <span class='ocrx_word' id='word_1_293' title='bbox 1033 1947 1111 1987; x_wconf 80' lang='lat' dir='ltr'><strong>Ubi</strong></span> <span class='ocrx_word' id='word_1_294' title='bbox 1133 1947 1237 1998; x_wconf 88' lang='lat' dir='ltr'><strong>quod</strong></span> <span class='ocrx_word' id='word_1_295' title='bbox 1250 1946 1297 1985; x_wconf 83' lang='lat' dir='ltr'><strong>de</strong></span> 
     </span>
     <span class='ocr_line' id='line_1_33' title="bbox 45 2000 1299 2055; baseline -0.005 -11"><span class='ocrx_word' id='word_1_296' title='bbox 45 2001 197 2054; x_wconf 89' lang='lat' dir='ltr'><strong>Bupalo</strong></span> <span class='ocrx_word' id='word_1_297' title='bbox 211 2002 326 2051; x_wconf 81' lang='lat' dir='ltr'><strong>habet</strong></span> <span class='ocrx_word' id='word_1_298' title='bbox 339 2032 351 2048; x_wconf 91' lang='lat'><strong>,</strong></span> <span class='ocrx_word' id='word_1_299' title='bbox 372 2003 417 2042; x_wconf 89' lang='lat' dir='ltr'><strong>ad</strong></span> <span class='ocrx_word' id='word_1_300' title='bbox 429 2002 706 2055; x_wconf 63' lang='lat' dir='ltr'><strong>Hipponactem</strong></span> <span class='ocrx_word' id='word_1_301' title='bbox 722 2004 881 2055; x_wconf 79' lang='lat' dir='ltr'><strong>pertinet</strong></span> <span class='ocrx_word' id='word_1_302' title='bbox 894 2032 906 2049; x_wconf 91' lang='lat'>‚</span> <span class='ocrx_word' id='word_1_303' title='bbox 927 2001 1035 2041; x_wconf 84' lang='lat' dir='ltr'><strong>cuius</strong></span> <span class='ocrx_word' id='word_1_304' title='bbox 1046 2001 1082 2039; x_wconf 91' lang='lat' dir='ltr'><strong>in</strong></span> <span class='ocrx_word' id='word_1_305' title='bbox 1097 2013 1185 2039; x_wconf 90' lang='lat' dir='ltr'><strong>eum</strong></span> <span class='ocrx_word' id='word_1_306' title='bbox 1201 2000 1299 2038; x_wconf 89' lang='lat' dir='ltr'><strong>iam-</strong></span> 
     </span>
     <span class='ocr_line' id='line_1_34' title="bbox 45 2052 1301 2106; baseline -0.004 -9"><span class='ocrx_word' id='word_1_307' title='bbox 45 2057 118 2097; x_wconf 89' lang='lat' dir='ltr'><strong>bos</strong></span> <span class='ocrx_word' id='word_1_308' title='bbox 133 2057 303 2099; x_wconf 80' lang='lat' dir='ltr'><strong>nominat</strong></span> <span class='ocrx_word' id='word_1_309' title='bbox 315 2056 498 2102; x_wconf 85' lang='lat' dir='ltr'><strong>Tzetzes,</strong></span> <span class='ocrx_word' id='word_1_310' title='bbox 510 2069 588 2096; x_wconf 90' lang='lat' dir='ltr'><strong>non</strong></span> <span class='ocrx_word' id='word_1_311' title='bbox 607 2057 651 2095; x_wconf 88' lang='lat' dir='ltr'><strong>ad</strong></span> <span class='ocrx_word' id='word_1_312' title='bbox 668 2057 777 2095; x_wconf 83' lang='lat' dir='ltr'><strong>hunc.</strong></span> <span class='ocrx_word' id='word_1_313' title='bbox 798 2055 884 2094; x_wconf 90' lang='lat' dir='ltr'><strong>Vid.</strong></span> <span class='ocrx_word' id='word_1_314' title='bbox 900 2056 1012 2094; x_wconf 87' lang='lat' dir='ltr'><strong>etiam</strong></span> <span class='ocrx_word' id='word_1_315' title='bbox 1033 2053 1142 2106; x_wconf 84' lang='lat' dir='ltr'><strong>Orig.</strong></span> <span class='ocrx_word' id='word_1_316' title='bbox 1155 2067 1187 2093; x_wconf 91' lang='lat' dir='ltr'><strong>c.</strong></span> <span class='ocrx_word' id='word_1_317' title='bbox 1198 2052 1301 2095; x_wconf 82' lang='lat' dir='ltr'><strong>Cels.</strong></span> 
     </span>
     <span class='ocr_line' id='line_1_35' title="bbox 46 2108 1298 2162; baseline -0.003 -13"><span class='ocrx_word' id='word_1_318' title='bbox 46 2126 98 2162; x_wconf 82' lang='lat'><strong>74</strong></span> <span class='ocrx_word' id='word_1_319' title='bbox 114 2109 139 2149; x_wconf 89' lang='lat' dir='ltr'><strong>f.</strong></span> <span class='ocrx_word' id='word_1_320' title='bbox 165 2109 248 2161; x_wconf 82' lang='lat' dir='ltr'><strong>(ubi</strong></span> <span class='ocrx_word' id='word_1_321' title='bbox 262 2110 480 2162; x_wconf 80' lang='lat' dir='ltr'><strong>inmargine</strong></span> <span class='ocrx_word' id='word_1_322' title='bbox 495 2123 691 2162; x_wconf 87' lang='lat' dir='ltr'><strong>perperam</strong></span> <span class='ocrx_word' id='word_1_323' title='bbox 703 2110 838 2162; x_wconf 84' lang='lat' dir='ltr'><strong>legitur</strong></span> <span class='ocrx_word' id='word_1_324' title='bbox 849 2108 1122 2158; x_wconf 67' lang='grc' dir='ltr'><strong>Λυκάμβαντα,</strong></span> <span class='ocrx_word' id='word_1_325' title='bbox 1142 2108 1298 2147; x_wconf 85' lang='lat' dir='ltr'><strong>laudato</strong></span> 
     </span>
     <span class='ocr_line' id='line_1_36' title="bbox 46 2160 1308 2216; baseline -0.005 -12"><span class='ocrx_word' id='word_1_326' title='bbox 46 2165 157 2204; x_wconf 89' lang='lat' dir='ltr'><strong>etiam</strong></span> <span class='ocrx_word' id='word_1_327' title='bbox 170 2163 370 2216; x_wconf 86' lang='lat' dir='ltr'><strong>Luciano.)</strong></span> <span class='ocrx_word' id='word_1_328' title='bbox 385 2163 434 2202; x_wconf 92' lang='lat' dir='ltr'><strong>H.</strong></span> <span class='ocrx_word' id='word_1_329' title='bbox 449 2163 576 2216; x_wconf 88' lang='lat' dir='ltr'><strong>Steph.</strong></span> <span class='ocrx_word' id='word_1_330' title='bbox 592 2163 686 2215; x_wconf 84' lang='lat' dir='ltr'><strong>Lyr.</strong></span> <span class='ocrx_word' id='word_1_331' title='bbox 705 2177 778 2211; x_wconf 85' lang='lat'><strong>144</strong></span> <span class='ocrx_word' id='word_1_332' title='bbox 789 2163 835 2203; x_wconf 90' lang='lat' dir='ltr'><strong>C.</strong></span> <span class='ocrx_word' id='word_1_333' title='bbox 849 2163 888 2202; x_wconf 78' lang='grc' dir='ltr'><strong>δι</strong></span> <span class='ocrx_word' id='word_1_334' title='bbox 902 2163 1038 2201; x_wconf 90' lang='lat' dir='ltr'><strong>Marm.</strong></span> <span class='ocrx_word' id='word_1_335' title='bbox 1052 2160 1133 2200; x_wconf 88' lang='lat' dir='ltr'><strong>Ox.</strong></span> <span class='ocrx_word' id='word_1_336' title='bbox 1149 2175 1237 2215; x_wconf 86' lang='lat'>209.</span> <span class='ocrx_word' id='word_1_337' title='bbox 1254 2160 1308 2199; x_wconf 73' lang='grc' dir='ltr'><strong>Ια</strong></span> 
     </span>
     <span class='ocr_line' id='line_1_37' title="bbox 47 2215 1069 2269; baseline -0.004 -10"><span class='ocrx_word' id='word_1_338' title='bbox 47 2220 118 2259; x_wconf 84' lang='lat' dir='ltr'><strong>W.</strong></span> <span class='ocrx_word' id='word_1_339' title='bbox 130 2216 304 2257; x_wconf 80' lang='lat' dir='ltr'><strong>scribitur</strong></span> <span class='ocrx_word' id='word_1_340' title='bbox 316 2217 557 2269; x_wconf 58' lang='lat' dir='ltr'><strong>’Oposom‘snm</strong></span> <span class='ocrx_word' id='word_1_341' title='bbox 574 2216 616 2255; x_wconf 88' lang='lat' dir='ltr'><strong>In</strong></span> <span class='ocrx_word' id='word_1_342' title='bbox 628 2218 682 2256; x_wconf 80' lang='grc' dir='ltr'><strong>Η.</strong></span> <span class='ocrx_word' id='word_1_343' title='bbox 691 2216 886 2268; x_wconf 58' lang='grc' dir='ltr'><strong>Ὀροκίὲην,</strong></span> <span class='ocrx_word' id='word_1_344' title='bbox 909 2215 1069 2255; x_wconf 75' lang='lat' dir='ltr'><strong>SOLAN.</strong></span> 
     </span>
    </p>

    <p class='ocr_par' dir='ltr' id='par_1_8' title="bbox 43 2266 1298 2429">
     <span class='ocr_line' id='line_1_38' title="bbox 100 2266 1296 2324; baseline -0.004 -14"><span class='ocrx_word' id='word_1_345' title='bbox 100 2273 174 2310; x_wconf 84' lang='lat' dir='ltr'><strong>ead.</strong></span> <span class='ocrx_word' id='word_1_346' title='bbox 189 2272 212 2309; x_wconf 93' lang='lat' dir='ltr'><strong>l.</strong></span> <span class='ocrx_word' id='word_1_347' title='bbox 231 2285 265 2324; x_wconf 86' lang='lat'><strong>3.</strong></span> <span class='ocrx_word' id='word_1_348' title='bbox 277 2270 365 2310; x_wconf 81' lang='grc' dir='ltr'>Τοὺς</span> <span class='ocrx_word' id='word_1_349' title='bbox 384 2270 523 2310; x_wconf 75' lang='grc' dir='ltr'>ἐκείνων</span> <span class='ocrx_word' id='word_1_350' title='bbox 538 2270 714 2322; x_wconf 69' lang='grc' dir='ltr'><strong>ἰάμβους)</strong></span> <span class='ocrx_word' id='word_1_351' title='bbox 728 2270 947 2310; x_wconf 88' lang='lat' dir='ltr'><strong>lamborum</strong></span> <span class='ocrx_word' id='word_1_352' title='bbox 962 2270 1114 2309; x_wconf 88' lang='lat' dir='ltr'><strong>illorum</strong></span> <span class='ocrx_word' id='word_1_353' title='bbox 1126 2266 1296 2316; x_wconf 87' lang='lat' dir='ltr'><strong>causam,</strong></span> 
     </span>
     <span class='ocr_line' id='line_1_39' title="bbox 45 2319 1298 2378; baseline -0.003 -14"><span class='ocrx_word' id='word_1_354' title='bbox 45 2326 71 2365; x_wconf 84' lang='lat' dir='ltr'><strong>i.</strong></span> <span class='ocrx_word' id='word_1_355' title='bbox 85 2338 118 2365; x_wconf 90' lang='lat' dir='ltr'><strong>e.</strong></span> <span class='ocrx_word' id='word_1_356' title='bbox 139 2325 205 2378; x_wconf 88' lang='lat' dir='ltr'><strong>qui</strong></span> <span class='ocrx_word' id='word_1_357' title='bbox 224 2324 363 2364; x_wconf 87' lang='lat' dir='ltr'><strong>malitia</strong></span> <span class='ocrx_word' id='word_1_358' title='bbox 377 2324 443 2364; x_wconf 93' lang='lat' dir='ltr'><strong>sua</strong></span> <span class='ocrx_word' id='word_1_359' title='bbox 463 2324 610 2364; x_wconf 89' lang='lat' dir='ltr'><strong>iambos</strong></span> <span class='ocrx_word' id='word_1_360' title='bbox 625 2325 775 2364; x_wconf 79' lang='lat' dir='ltr'><strong>illorum</strong></span> <span class='ocrx_word' id='word_1_361' title='bbox 791 2334 1068 2377; x_wconf 87' lang='lat' dir='ltr'><strong>provocarunt.</strong></span> <span class='ocrx_word' id='word_1_362' title='bbox 1087 2325 1132 2360; x_wconf 70' lang='lat' dir='ltr'><strong>To</strong></span> <span class='ocrx_word' id='word_1_363' title='bbox 1146 2319 1298 2362; x_wconf 76' lang='grc' dir='ltr'>ὑποκεί-</span> 
     </span>
     <span class='ocr_line' id='line_1_40' title="bbox 43 2377 1185 2429; baseline 0.001 -12"><span class='ocrx_word' id='word_1_364' title='bbox 43 2393 165 2429; x_wconf 80' lang='grc' dir='ltr'><em>μενον,</em></span> <span class='ocrx_word' id='word_1_365' title='bbox 184 2378 387 2418; x_wconf 70' lang='grc' dir='ltr'>οὸίεξὶυιη.</span> <span class='ocrx_word' id='word_1_366' title='bbox 414 2377 579 2419; x_wconf 69' lang='lat' dir='ltr'><strong>GUYET.</strong></span> <span class='ocrx_word' id='word_1_367' title='bbox 1164 2411 1185 2418; x_wconf 29' lang='lat' dir='ltr'><strong>a</strong></span> 
     </span>
    </p>

    <p class='ocr_par' dir='ltr' id='par_1_9' title="bbox 44 2428 1298 2594">
     <span class='ocr_line' id='line_1_41' title="bbox 99 2428 1298 2485; baseline -0.003 -14"><span class='ocrx_word' id='word_1_368' title='bbox 99 2435 174 2472; x_wconf 81' lang='lat' dir='ltr'><strong>ead.</strong></span> <span class='ocrx_word' id='word_1_369' title='bbox 192 2433 215 2471; x_wconf 91' lang='lat' dir='ltr'><strong>l.</strong></span> <span class='ocrx_word' id='word_1_370' title='bbox 238 2446 269 2485; x_wconf 85' lang='lat'><strong>5.</strong></span> <span class='ocrx_word' id='word_1_371' title='bbox 283 2431 444 2484; x_wconf 76' lang='grc' dir='ltr'>Σκυθᾶν)</span> <span class='ocrx_word' id='word_1_372' title='bbox 456 2431 651 2472; x_wconf 88' lang='lat' dir='ltr'><strong>Ridicule:</strong></span> <span class='ocrx_word' id='word_1_373' title='bbox 668 2431 750 2484; x_wconf 82' lang='lat' dir='ltr'><strong>lege</strong></span> <span class='ocrx_word' id='word_1_374' title='bbox 761 2431 936 2471; x_wconf 74' lang='grc' dir='ltr'><strong><em>σκυτέων.</em></strong></span> <span class='ocrx_word' id='word_1_375' title='bbox 947 2429 1045 2470; x_wconf 87' lang='lat' dir='ltr'><strong>Vult</strong></span> <span class='ocrx_word' id='word_1_376' title='bbox 1059 2428 1158 2469; x_wconf 88' lang='lat' dir='ltr'><strong>enim</strong></span> <span class='ocrx_word' id='word_1_377' title='bbox 1173 2428 1298 2468; x_wconf 81' lang='lat' dir='ltr'><strong>dioere</strong></span> 
     </span>
     <span class='ocr_line' id='line_1_42' title="bbox 44 2480 1297 2538; baseline -0.001 -13"><span class='ocrx_word' id='word_1_378' title='bbox 44 2486 249 2535; x_wconf 81' lang='lat' dir='ltr'><strong>Lucianus‚</strong></span> <span class='ocrx_word' id='word_1_379' title='bbox 263 2485 577 2538; x_wconf 78' lang='lat' dir='ltr'><strong>pseudologistam</strong></span> <span class='ocrx_word' id='word_1_380' title='bbox 593 2487 770 2537; x_wconf 88' lang='lat' dir='ltr'><strong>ignorare</strong></span> <span class='ocrx_word' id='word_1_381' title='bbox 784 2485 893 2524; x_wconf 82' lang='lat' dir='ltr'><strong>etiam</strong></span> <span class='ocrx_word' id='word_1_382' title='bbox 910 2496 971 2530; x_wconf 88' lang='lat' dir='ltr'><strong>ea,</strong></span> <span class='ocrx_word' id='word_1_383' title='bbox 983 2496 1082 2535; x_wconf 87' lang='lat' dir='ltr'><strong>quae</strong></span> <span class='ocrx_word' id='word_1_384' title='bbox 1095 2482 1154 2520; x_wconf 84' lang='lat' dir='ltr'><strong>vel</strong></span> <span class='ocrx_word' id='word_1_385' title='bbox 1167 2480 1297 2524; x_wconf 59' lang='lat' dir='ltr'><strong>vilifl&#39;n</strong></span> 
     </span>
     <span class='ocr_line' id='line_1_43' title="bbox 44 2537 1213 2594; baseline -0.002 -15"><span class='ocrx_word' id='word_1_386' title='bbox 44 2541 95 2579; x_wconf 85' lang='lat' dir='ltr'><strong>mi</strong></span> <span class='ocrx_word' id='word_1_387' title='bbox 106 2539 264 2594; x_wconf 83' lang='lat' dir='ltr'><strong>opifices</strong></span> <span class='ocrx_word' id='word_1_388' title='bbox 274 2539 386 2581; x_wconf 82' lang='lat' dir='ltr'><strong>sciam</strong></span> <span class='ocrx_word' id='word_1_389' title='bbox 396 2553 408 2588; x_wconf 82' lang='lat'>3</span> <span class='ocrx_word' id='word_1_390' title='bbox 431 2540 538 2594; x_wconf 90' lang='lat' dir='ltr'><strong>quod</strong></span> <span class='ocrx_word' id='word_1_391' title='bbox 549 2541 648 2581; x_wconf 86' lang='lat' dir='ltr'><strong>clare</strong></span> <span class='ocrx_word' id='word_1_392' title='bbox 661 2549 766 2594; x_wconf 85' lang='lat' dir='ltr'><strong>patet</strong></span> <span class='ocrx_word' id='word_1_393' title='bbox 782 2551 831 2579; x_wconf 82' lang='lat' dir='ltr'><strong>ex</strong></span> <span class='ocrx_word' id='word_1_394' title='bbox 845 2551 928 2592; x_wconf 88' lang='lat' dir='ltr'><strong>cap.</strong></span> <span class='ocrx_word' id='word_1_395' title='bbox 940 2537 1012 2591; x_wconf 83' lang='lat' dir='ltr'><strong>seq.</strong></span> <span class='ocrx_word' id='word_1_396' title='bbox 1028 2539 1213 2579; x_wconf 68' lang='lat' dir='ltr'><strong>Kvstffl.</strong></span> 
     </span>
    </p>
   </div>
  </div>
 </body>
</html>
