1835 3408
463 130 558 181 4ῳ
666 109 1539 161 ANNOTATIONES

463 220 539 258 go,
553 204 742 245 consueto
769 217 877 245 more
902 217 920 243 n
945 201 1146 249 adhibere;
1171 201 1336 242 maxime
1357 215 1446 242 cum
1467 203 1508 242 δι
1529 201 1581 242 fic
1599 201 1738 243 habeat

461 261 554 299 Pell.
568 261 716 300 Verum
739 260 827 312 quia
845 257 907 297 alii
933 256 1033 295 aliud
1056 254 1318 309 suppeditant,
1334 256 1538 309 vulgatum
1558 257 1736 298 exhibeo.
1791 272 1793 277 ‘
1830 245 1832 249 Α

464 314 610 354 Rmz.

518 371 592 407 ead.
610 369 633 406 l.
651 381 709 415 14.
728 363 933 415 Βασιλέως)
947 362 1080 416 Quam
1097 362 1240 414 regiam
1259 362 1445 414 designet,
1466 363 1638 406 invenire
1652 376 1734 404 non
1794 359 1795 394 ἒ
1823 364 1835 404 ζ’

465 422 638 476 possum,
653 434 741 460 cum
765 418 1030 458 Arsacidarum
1052 430 1146 456 mox
1167 417 1389 455 meminerit.
1405 416 1649 459 3οιΑΝ.Τὴν
1662 419 1736 464 βοι-
1796 429 1797 433 ’

466 479 602 516 σιλέως
627 496 671 505 -
694 473 761 512 τὴν
781 471 954 526 χρυσῆν)
980 472 1088 510 Haec
1110 470 1161 509 est
1184 469 1245 508 illa
1265 483 1378 509 aurea
1401 471 1594 522 platanus,
1614 485 1735 524 quam
1796 485 1799 514 t

464 543 552 570 cum
574 530 654 568 vite
670 528 750 566 eius
769 526 918 579 generis
933 524 1080 568 Dario,
1103 525 1239 563 Xerxis
1260 526 1375 576 patri,
1392 525 1551 563 donarat
1571 525 1736 577 Pythius

466 584 612 629 Lydus.
644 582 791 621 Herod.
814 579 914 624 Vll,
940 592 1001 623 27.
1028 578 1247 629 Bithynum
1277 590 1349 628 pro
1375 577 1490 629 Lydo
1522 577 1614 618 facit
1643 579 1736 620 Plin.

466 635 660 679 XXXIH,
686 647 754 680 10,
775 632 799 672 s,
820 647 884 681 47,
908 632 971 671 ubi
990 632 1184 683 reliquos,
1207 630 1273 683 qui
1299 631 1411 670 huius
1431 631 1628 686 utriusque
1648 646 1737 674 mu·
1799 653 1803 690 χ

464 692 563 730 neris
582 688 817 728 mentionem
843 685 986 728 fecere,
1010 686 1135 724 laudat
1159 685 1396 724 narduinus.
1419 684 1555 726 Gesn-

522 745 611 795 Pag.
626 757 688 795 95.
707 742 730 780 l.
754 736 962 792 4.”Εμελε)
980 739 1042 779 Sic
1058 742 1097 778 S.
1117 739 1155 779 δι
1173 740 1225 777 A.
1248 737 1363 778 reete.
1382 739 1423 778 In
1446 739 1602 794 reliquis
1618 739 1737 792 ἔμελ-
1803 750 1805 754 ’

466 809 521 838 λε.
544 795 759 845 Stiepiffime
778 795 814 832 in
834 794 906 833 hac
928 806 1028 832 voce
1049 803 1244 845 peccatur.
1260 792 1419 832 SOLAN.
1624 820 1629 824 -
1805 794 1807 812 ¹

520 854 601 890 ibid.
614 848 859 901 ’Apooenisoeac
875 852 886 890 )
903 847 965 886 De
987 847 1044 885 his
1065 847 1151 886 vide
1171 847 1301 886 Tacit.
1330 847 1406 886 An.
1433 846 1493 895 ΙΙ,
1517 860 1551 896 1,
1569 846 1611 887 δι
1625 859 1738 887 enar·
1806 851 1809 870 '¹

468 916 630 945 ratores.
650 904 808 943 SOLAN.
841 900 1170 941 Anachronismus
1191 902 1334 953 ingens.
1364 902 1504 953 Neque
1527 901 1629 941 enim
1652 901 1738 942 Da-

463 962 565 1006 rius,
589 958 650 998 cui
671 957 798 996 oblata
818 955 879 994 illa
905 956 1102 1008 platanus,
1123 954 1334 995 Arsacides.
1352 954 1482 996 GESN.
1665 984 1668 985 γ

520 1016 594 1051 ead.
612 1013 634 1050 l.
656 1024 692 1063 9.
711 1009 956 1060 Ἀλαζονίαν)
982 1008 1122 1048 Forsan
1149 1007 1367 1061 ἀλαζονείαν
1389 1007 1582 1062 quaesivit
1604 1008 1738 1051 Solam

466 1067 566 1106 haud
581 1065 786 1105 immerito.
802 1064 902 1102 Nam
924 1063 974 1103 fic
997 1062 1108 1103 scribi
1131 1075 1246 1103 amat.
1269 1064 1322 1102 At
1337 1064 1428 1115 quia
1452 1062 1596 1103 scribae
1611 1077 1641 1102 ει
1659 1065 1700 1104 δι
1721 1078 1736 1104 ι

465 1120 574 1174 saepe
589 1118 803 1173 promiscue
815 1118 852 1156 in
865 1117 946 1157 aliis
957 1128 1130 1164 exarant,
1146 1118 1234 1156 nihil
1248 1127 1396 1156 mutare
1409 1117 1574 1157 sustinui.
1588 1117 1738 1158 REITZ.

522 1177 594 1213 ead.
612 1174 636 1212 l.
656 1187 714 1221 ¹4·
728 1171 767 1210 ‘H
784 1172 910 1223 ἀρχὴ)
924 1171 1075 1211 Oriens.
1091 1172 1260 1212 GUYET.
1277 1171 1386 1223 Quid
1401 1173 1538 1211 mirum
1552 1201 1564 1221 ,
1576 1173 1735 1225 quando

464 1227 606 1281 ὖμέρας
619 1227 854 1278 intelligitur,
869 1226 974 1278 quod
989 1225 1041 1264 est
1054 1226 1322 1278 praemissum?
1343 1224 1488 1266 Rmz.

521 1285 595 1322 ead.
609 1282 633 1321 l.
652 1296 664 1320 1
675 1281 710 1320 6.
724 1279 799 1319 Τῶν
814 1280 947 1331 θυρῶν)
969 1281 1033 1318 An
1046 1280 1226 1331 δυρίὲωνς
1241 1279 1410 1320 GUYET.

522 1337 613 1388 Pag.
628 1335 728 1388 96.l.
743 1333 779 1372 8.
803 1335 889 1385 Περὶ
912 1335 986 1373 τὰς
1007 1334 1166 1386 χρείας)
1186 1335 1278 1374 Νοη
1299 1335 1440 1373 damno
1462 1332 1613 1387 penitus
1636 1333 1734 1376 hanc

465 1391 691 1430 lectionem:
713 1387 772 1427 sed
800 1388 919 1440 magis
944 1388 1130 1439 placeret,
1154 1387 1181 1427 fi
1213 1389 1426 1441 reperiatur
1445 1389 1484 1427 in
1503 1387 1605 1428 libro
1624 1387 1735 1429 bono

465 1446 589 1496 παρίε-
606 1454 739 1497 praeter
758 1441 840 1493 usus
858 1442 1064 1493 neceffizrios‚
1083 1456 1163 1480 certe
1184 1445 1329 1481 decoros.
1348 1442 1480 1483 GESN.

519 1501 592 1536 ead.
608 1499 630 1535 l.
651 1510 708 1535 11.
725 1494 890 1548 Εὔφορος)
909 1496 934 1534 1.
953 1508 985 1534 e.
1012 1496 1207 1543 modicus,
1230 1497 1347 1546 levis,
1369 1509 1448 1537 non
1472 1495 1657 1549 gravitate
1679 1496 1736 1536 in·

467 1551 698 1593 commodus
722 1550 896 1588 annulus.
919 1548 1091 1590 GUYET.

519 1608 595 1645 ead.
614 1606 637 1644 l.
656 1618 713 1652 14.
726 1603 763 1641 ‘H
778 1602 965 1656 πορφύρα)
978 1603 1016 1641 ‘H
1033 1605 1196 1654 πάρυφος
1207 1603 1371 1657 πορφύρα,
1384 1603 1430 1644 sc.
1448 1604 1620 1645 GUYET.

519 1660 612 1712 Pag.
628 1673 691 1712 97.
707 1658 731 1696 l.
750 1657 787 1697 8.
806 1660 863 1696 T&
884 1657 1102 1711 ἀναγκαῖοι)
1115 1658 1283 1697 Subaudi
1305 1659 1422 1698 κατά..
1447 1658 1615 1699 GUYET.

521 1716 594 1752 ead.
609 1714 631 1751 l.
650 1726 707 1760 14.
721 1711 1034 1764 Διαλείμμιιτος)
1047 1712 1146 1765 Lege
1158 1711 1445 1764 ὃιοιλίνμμοιτος.
1458 1712 1528 1754 GU
1533 1723 1625 1752 YET.
1639 1711 1733 1753 Non

464 1767 585 1810 video
608 1779 739 1820 quare.
762 1765 908 1803 Rmz.

522 1822 612 1875 Pag.
629 1821 693 1873 98.
708 1818 1009 1872 Ι.8.Ὓψόροφον)
1034 1820 1194 1861 Homer.
1215 1819 1292 1860 Od.
1310 1826 1368 1868 Δ,
1396 1832 1483 1859 121.
1496 1819 1546 1860 Et
1558 1833 1652 1861 mox
1671 1819 1732 1861 oei-

464 1873 641 1930 γλήεντα
653 1904 667 1920 ,
690 1888 730 1912 ν.
745 1873 847 1912 Iliad.
868 1878 894 1910 A
910 1903 920 1917 ,
940 1887 1024 1926 532.
1040 1872 1200 1914 SOLAN.

523 1931 615 1981 Pag.
629 1942 693 1981 99.
713 1926 736 1966 l.
755 1925 876 1967 1.Tc23v
897 1926 1147 1981 ἕρεπομένων)
1166 1928 1411 1980 Δερκομένων.
1439 1928 1628 1968 MARCIL.
1651 1928 1732 1968 Le-

466 1985 632 2038 gendum
654 1982 805 2021 videtur
829 1981 1075 2032 βλεπομένων,
1094 1982 1199 2034 quod
1223 1983 1322 2020 inter
1341 1982 1543 2021 dictantem
1568 1983 1608 2022 δι
1628 1983 1731 2023 exci-

463 2039 631 2091 pientem
653 2035 831 2076 facillime
844 2036 883 2073 in
904 2034 1136 2088 ἓρεπομένων
1152 2037 1290 2075 mutari
1310 2037 1446 2088 potuit.
1462 2036 1630 2076 Eandem
1646 2037 1730 2077 vim

463 2092 583 2131 habet
598 2090 820 2143 ἓερκομένων
833 2090 1021 2138 Marcilii;
1041 2090 1147 2142 quod
1160 2090 1286 2142 probo
1296 2120 1307 2138 ‚
1330 2090 1357 2129 fi
1375 2090 1428 2130 est
1441 2103 1487 2130 ex
1501 2090 1619 2130 libro:
1633 2103 1730 2131 con·

458 2146 643 2185 ie&uram
667 2157 746 2183 non
765 2155 909 2184 temere
929 2145 1163 2196 receperim3
1187 2158 1274 2184 cum
1299 2143 1515 2196 ὃερκὸμενος
1531 2145 1597 2184 vix
1621 2145 1730 2185 aliter

462 2213 581 2253 quam
605 2199 704 2250 apud
736 2201 895 2251 poetaS,
918 2198 959 2239 &
987 2197 1262 2251 significatione
1293 2198 1421 2238 affiva
1443 2198 1569 2252 legere
1593 2199 1729 2239 memi-

459 2255 595 2293 neritn.
616 2253 741 2292 GESN.

516 2311 589 2345 ead.
605 2308 628 2345 l.
649 2320 661 2344 ι
675 2321 707 2345 1.
720 2306 761 2344 ‘O
783 2306 826 2345 st
843 2306 943 2346 ταὼς
958 2305 1066 2355 &c.)
1089 2305 1384 2346 pulcherrimam
1403 2305 1530 2346 itidem
1557 2306 1724 2359 pavonis

460 2361 666 2411 imaginem
689 2359 912 2412 descriptam
933 2361 969 2399 in
989 2360 1128 2400 Dionis
1148 2359 1417 2411 Chrysostomi
1441 2359 1513 2400 Or.
1537 2361 1614 2400 XII
1640 2361 1727 2413 περὶ

460 2413 530 2457 τῆς
543 2415 691 2469 πρώτης
705 2413 771 2454 τοῦ
785 2412 870 2455 ,θεοῦ
883 2415 1032 2463 ἐννοίας,
1053 2428 1089 2469 p.
1106 2427 1203 2469 370,
1216 2415 1266 2456 T.
1282 2414 1299 2454 Ι
1314 2416 1370 2455 ed.
1385 2414 1518 2457 Reisk.
1534 2415 1664 2456 laudat
1677 2415 1724 2458 cl,
