1835 3408
464 196 556 237 ιω
663 174 1542 226 ANNoTArloNEs

461 280 581 306 tentem
591 297 601 314 ,
623 267 722 307 Illum
737 267 920 321 ‹td-speclari
931 298 942 315 ‚
958 267 1073 305 clarus
1085 267 1143 319 qui
1159 266 1283 306 incedit
1297 268 1444 308 honore:
1459 269 1576 322 Ipfise
1597 268 1633 309 in
1649 279 1738 311 tene-

457 322 525 360 bris
551 322 669 368 volvi,
703 337 866 375 coenoque
889 333 1077 374 queruntur.
1104 320 1257 360 Infinita
1295 334 1414 374 porro
1435 322 1545 372 sunt,
1570 338 1670 376 quae
1697 327 1736 366 in

460 377 558 415 hanc
574 374 796 415 sententiam
819 389 909 416 cum
932 374 1032 427 apud
1046 373 1224 415 Graecos
1235 402 1248 423 ,
1263 387 1345 414 tum
1361 377 1462 429 apud
1478 377 1636 418 Latinos
1649 378 1737 419 scri-

462 442 594 483 ptores
607 429 703 469 belle
716 429 814 468 dista
831 429 1005 481 reperias.
1017 427 1154 468 TOLL.

515 484 594 525 ibid,
609 482 688 522 Τοῖς
701 479 1040 534 ὑπολειπομένοις)
1066 483 1160 522 Nam
1179 482 1237 535 qui
1249 483 1397 531 invidet,
1418 484 1528 524 minor
1543 486 1607 538 efl,
1620 496 1663 524 ut
1681 485 1737 526 ait

461 535 602 576 Plinius
616 538 678 576 lib.
693 537 773 584 VI,
795 536 908 588 Epist.
929 549 986 586 ¹7·
1005 535 1051 574 Et
1065 564 1078 581 ,
1099 535 1300 575 secundum
1325 535 1503 577 Plautum
1523 539 1561 577 in
1575 537 1734 592 Captiv.

461 590 552 629 Aet.
576 590 651 636 ΙΙΙ,
674 590 734 630 Sc.
752 606 799 637 4:
821 591 884 643 Est
908 590 1099 641 miserorum
1112 619 1121 635 ,
1141 602 1177 628 ιιι
1202 591 1436 630 malevolentes
1447 595 1541 643 fint,
1560 604 1660 645 atque
1680 593 1735 632 in-

460 646 596 684 videam
615 645 722 683 bonis.
739 644 873 684 TOLL.
887 642 964 682 Τοῖς
983 640 1323 697 ὑπολειπομένοις)
1346 645 1489 685 Melius
1501 676 1513 695 ,
1535 646 1734 699 dignatio-

461 711 511 738 ne
531 698 791 737 inferioribus.
809 698 932 736 IDEM.

514 755 587 790 ead.
606 753 629 790 l.
656 765 714 800 14.
731 751 788 800 Τῷ
812 751 849 790 21⁰
869 749 1202 803 ἐπιτοξάζονται)
1227 750 1283 790 Ita
1304 750 1406 791 reae
1431 751 1636 806 pleraeque
1659 754 1735 794 edi.

457 805 585 845 tiones
597 835 607 852 ‚
628 806 683 844 uti
698 805 751 845 est
763 805 864 858 apud
885 805 1101 845 Homerum
1126 805 1167 844 ΙΙ.
1181 810 1218 844 Γ.
1233 805 1284 845 Ο.
1299 816 1426 846 tamen
1439 807 1480 847 δι
1494 807 1550 846 Fl.
1569 807 1634 848 τόν
1652 808 1698 848 &e
1714 839 1728 858 ‚

458 871 591 911 prave.
612 859 771 898 SOLAN.

510 914 585 952 ead.
597 913 622 952 l,
643 912 699 952 16.
720 916 786 952 Τὶν
807 912 1005 963 κορυφαῖον
1025 910 1188 965 ἐκεῖνον)
1204 911 1354 960 Verto,
1373 915 1469 953 modo
1483 914 1667 968 principem
1686 915 1732 954 il·

457 968 544 1015 lum,
558 968 594 1006 G·
607 968 642 1006 in
653 967 794 1020 fizst'igio
819 967 1030 1020 dignationis
1051 967 1265 1016 collocatum,
1282 970 1544 1021 expugnaverit,
1558 984 1600 1009 ac
1614 971 1654 1008 de
1671 969 1732 1009 illo

457 1022 626 1060 amicitiae
641 1023 751 1075 gradu
763 1021 996 1060 deturbaverit.
1010 1020 1148 1061 TOLL.
1217 1047 1221 1053 ·

528 1076 616 1128 Pag.
645 1090 708 1129 43.
736 1076 760 1114 l.
792 1088 825 1114 1.
848 1074 917 1113 Καὶ
938 1074 1001 1115 ἐπὶ
1028 1075 1105 1115 τοῖς
1132 1073 1362 1129 γυμνικοῖς)
1388 1074 1576 1116 Pindarus
1597 1075 1728 1117 Isthm.

456 1127 588 1170 Carm.
603 1129 686 1170 IV:

668 1180 796 1224 ’Ἔστιν
819 1181 857 1223 ‹5'
881 1181 1055 1233 ἀφάνεια
1080 1181 1212 1237 τύχοις

672 1238 742 1277 Καὶ
763 1238 1022 1289 μαρναμένων,

667 1292 755 1345 Πρὶν
776 1294 885 1331 τέλος
906 1289 1012 1343 ἄκρον
1033 1290 1199 1331 ἱκέσθαι.

673 1345 749 1386 Τῶν
772 1360 816 1384 τε
839 1347 917 1399 γὰρ
935 1343 1046 1384 <mor
1057 1345 1181 1392 τέλος,

671 1400 742 1439 Καὶ
764 1401 913 1450 κρέσσον
935 1397 1072 1450 ἀνδρῶν
1092 1397 1269 1451 χειρόνων

669 1453 878 1505 ’Έσφοιλλε
897 1452 1028 1506 τέχνα.
1051 1452 1366 1504 καταμάρψασοι.

453 1507 495 1547 Id
512 1506 584 1547 est:
609 1508 672 1561 Est
695 1519 807 1547 tamen
831 1508 1032 1548 incertitudo
1048 1505 1213 1558 fortunae
1231 1507 1332 1545 etiam
1347 1505 1577 1560 pugnantium
1589 1537 1599 1555 ‚
1609 1506 1727 1561 prius-

454 1577 556 1615 quam
576 1565 625 1600 ad
633 1562 740 1612 finem
756 1562 925 1613 fiimmum
948 1560 1097 1599 veniant.
1131 1560 1271 1600 Horum
1296 1562 1383 1600 enim
1407 1564 1468 1601 dat
1479 1562 1586 1612 finem
1597 1591 1611 1608 ,
1625 1562 1726 1602 &vi-

452 1630 564 1655 rorum
589 1616 784 1655 deteriorum
801 1631 859 1654 ars
876 1615 1057 1668 corripiens
1067 1615 1338 1668 praestantiorem
1353 1615 1569 1669 fitpplantat.
1585 1615 1725 1657 Tou..

506 1671 579 1708 ead.
595 1670 620 1708 l.
636 1669 796 1723 2.‘Torb)
809 1669 851 1708 In
871 1669 1055 1709 omnibus
1068 1668 1250 1722 impreffis
1263 1668 1303 1708 δι
1317 1668 1400 1708 Mff.
1418 1669 1484 1709 ἐπὶ
1496 1698 1508 1717 ,
1530 1671 1636 1723 quod
1647 1684 1723 1723 ego

452 1735 607 1763 mutare
621 1736 700 1763 non
720 1723 802 1763 sum
825 1723 1041 1764 cunctatus.
1057 1723 1216 1763 SOLAN.
1231 1724 1323 1763 Non
1347 1722 1505 1764 sustinui
1519 1724 1724 1778 vulgatum

452 1777 519 1816 ἐπὶ
540 1789 738 1830 repetere,
759 1778 866 1830 quod
882 1790 931 1817 ex
948 1776 1148 1829 praemiffo
1170 1777 1257 1826 ἐπὶ,
1280 1778 1320 1816 &
1338 1776 1520 1818 scribendi
1539 1791 1723 1832 compen-

449 1831 514 1870 dio
539 1840 670 1870 natum
685 1862 698 1880 ‚
724 1833 853 1872 locum
882 1832 944 1871 hic
965 1831 1105 1871 habere
1125 1832 1270 1886 nequit.
1286 1830 1426 1885 Quare
1446 1832 1629 1874 audaciae
1646 1845 1722 1874 ve-

448 1885 551 1924 niam
572 1886 765 1939 dabitipsa
784 1885 990 1926 neceffitas.
1009 1885 1159 1926 RErrz.

503 1942 578 1978 ead.
607 1940 635 1978 l.
660 1954 693 1993 3.
710 1938 780 1980 Τιῖς
797 1936 1032 1994 ὕσπληγγος
1056 1936 1154 1980 εὐθὺς
1177 1938 1720 1996 καταπεσούσης)“Ύο-πληγξ

446 1990 529 2032 five
542 1992 692 2041 βαλβὶς,
703 1995 796 2034 item
812 1994 974 2048 ’γραμμὴ
988 1994 1155 2042 Polluci,
1178 1995 1359 2047 repagula
1371 2023 1382 2042 ‚
1395 2008 1495 2048 quae
1506 1995 1630 2035 Latini
1642 2009 1720 2035 car-

447 2062 533 2086 ceres
550 2048 767 2097 vocabant,
784 2049 925 2101 quibus
939 2049 1101 2101 apertis,
1123 2062 1203 2088 non
1213 2047 1350 2101 sraelis,
1369 2060 1412 2088 ut
1436 2050 1623 2102 interpres
1647 2050 1719 2089 ha-

448 2100 535 2147 bet,
559 2102 835 2142 emittebantur
853 2116 1003 2144 currus,
1021 2103 1184 2143 Videtur
1199 2103 1259 2143 hic
1279 2114 1458 2143 extentus
1474 2102 1575 2144 funis
1589 2102 1717 2152 fuisse,

448 2168 531 2207 quo
549 2156 658 2195 velut
673 2157 860 2210 repagulo
884 2156 1058 2197 cursores
1077 2158 1393 2205 continebantur3
1411 2170 1540 2211 eoque
1563 2156 1718 2198 remifl'o

446 2211 739 2258 procurrebant.
754 2211 892 2251 TOLL.
907 2211 1067 2251 Constat
1085 2211 1159 2250 iam
1177 2211 1287 2258 satis,
1310 2211 1473 2252 docente
1497 2211 1717 2265 praesertim

444 2260 628 2304 Salmafio
647 2264 742 2304 Plin.
759 2266 914 2306 exercit.
930 2278 1012 2319 pag.
1029 2265 1105 2314 648
1117 2296 1130 2314 ‚
1153 2261 1378 2320 ὕσπλιηγι
1402 2265 1477 2306 effe
1496 2267 1692 2320 repagulum
1705 2297 1718 2316 ,

444 2316 588 2356 vectim
609 2318 889 2367 transversum,
910 2321 976 2373 qui
999 2332 1180 2372 aequaret
1201 2320 1263 2359 vel
1284 2332 1408 2372 equos
1432 2320 1496 2360 vel
1516 2320 1716 2366 cursores,

444 2370 520 2410 iam
540 2371 578 2410 in
595 2371 696 2412 linea
718 2372 879 2423 stantes,
902 2387 947 2414 ac
969 2386 1122 2427 paratos
1142 2375 1189 2413 ad
1211 2373 1377 2414 cursum.
1401 2374 1509 2415 Haec
1521 2370 1715 2429 ὕσπληγξ

445 2423 574 2466 subito
586 2427 768 2480 utrinque
780 2428 905 2468 laxata
924 2429 1117 2469 decidebat
1134 2429 1170 2467 in
1186 2427 1390 2468 subiectam
1404 2427 1600 2482 γραμμὴν,
1620 2429 1715 2475 βαλ·

430 2478 559 2531 msa,
580 2480 719 2522 lineam
743 2494 942 2533 cavatam,
961 2484 1009 2524 ad
1030 2482 1140 2524 cuius
1162 2482 1363 2525 modulum
1387 2483 1441 2524 ita
1464 2493 1713 2537 attemperate
