1783 3403
240 192 311 237 IN
344 191 431 237 DE
464 190 695 238 MORTE
730 190 1085 238 PEREGRINI.
1214 210 1300 261 555

32 281 181 322 affuere
214 282 390 336 dignatus
428 282 483 323 est
508 283 586 322 Iac.
612 282 869 323 Rhenferdius
893 284 933 322 in
959 296 1009 324 eo
1038 284 1306 337 syntagmate,

29 337 142 387 quod
165 337 250 376 eius
273 350 393 391 opera
414 349 473 376 an.
492 350 585 387 1701
615 337 771 389 prodiit.
789 337 993 390 Quocum
1023 340 1226 383 amandare
1250 341 1305 380 le-

30 390 181 430 &orem
200 390 345 443 poffem
359 420 372 437 ,
394 403 443 430 ne
460 402 587 442 tamen
610 391 735 430 bacin
753 404 861 444 parte
881 405 1038 443 operam
1053 393 1217 432 nostram
1234 394 1305 433 de-

29 443 193 490 sideret,
217 445 256 483 in
277 457 400 497 pauca
422 443 642 490 conferam,
662 457 762 496 quae
778 445 894 484 fusius
909 447 982 486 illic
1006 459 1027 484 a
1045 460 1107 485 me
1129 446 1212 486 sunt
1228 449 1304 487 iam

28 497 175 537 dudum
191 497 403 537 observata.
416 498 479 537 De
493 499 760 537 emendatione
771 528 785 545 ,
801 511 844 538 ut
859 500 984 548 vides,
1000 501 1189 553 cogitavit
1203 501 1304 542 Tan.

27 549 182 598 Faber-3
205 553 348 604 quibus
369 551 544 591 indueus
563 553 797 599 rationibus,
824 555 891 592 vix
915 553 1002 593 satis
1029 554 1204 607 aisequor
1219 567 1228 593 :
1245 556 1304 593 ni-

31 603 87 643 hil
105 605 210 645 enim
231 607 321 645 huic
341 607 430 646 loco
451 619 554 645 voce
583 610 701 645 notvbf
728 608 1034 647 convenientius.
1061 607 1175 646 Miffo
1196 620 1306 647 nam-

29 656 112 710 ique
130 661 259 712 priore
280 660 346 698 illo
370 658 622 699 accusationis
641 660 788 712 capite,
814 662 860 700 ad
882 661 1069 714 posterius
1087 661 1216 702 seiam
1241 675 1304 702 ac-

28 713 212 765 cingens,
236 725 260 752 a
284 714 500 766 legislatore
521 725 652 752 monet
677 714 835 753 edoctos
850 714 1109 762 Christianos,
1129 715 1204 755 sese
1220 729 1304 755 mu-

27 775 106 806 tuo
122 781 188 819 pro
205 767 378 819 fratribus
397 768 547 807 habere.
570 768 780 815 IDcmco,
802 769 928 821 inquit
952 770 1025 808 iam
1044 800 1054 815 ‚
1075 771 1190 809 omnia
1221 784 1304 809 con-

31 830 201 875 temnant,
224 820 321 873 (sua
343 822 470 868 bona,
493 820 653 867 scilicet,
676 821 758 860 suas
782 821 1001 875 facultates)
1017 823 1056 863 δε
1081 825 1211 863 eadem
1240 824 1304 863 illa

28 875 166 914 omnia
190 885 447 914 coumvwza
471 877 591 914 habent
618 875 682 914 vel
699 878 851 922 ducunt,
878 877 950 930 (ut
970 878 1068 916 inter
1085 877 1214 929 fratres
1238 878 1304 917 de·

28 927 128 981 cet.)
149 929 354 982 Egregium
377 929 463 968 sane
483 930 701 969 encomium
715 961 726 976 ‚
748 931 881 980 primis
903 931 972 971 illis
997 931 1185 971 Ecclesiae
1208 944 1305 971 tem-

28 983 194 1034 poribus
213 983 407 1030 debitum,
430 982 471 1022 &
497 984 545 1022 ab
572 982 824 1023 infenfiffimis
848 984 1085 1026 Christianae
1107 986 1302 1038 religionis

30 1035 203 1076 hostibus
217 1038 256 1076 vi
279 1037 451 1076 veritatis
462 1049 670 1076 extortum.
695 1037 968 1089 Agnoscisiam
992 1052 1213 1092 germanam
1233 1052 1305 1078 eo-

28 1102 120 1130 rum
136 1091 382 1145 progeniem,
403 1104 504 1144 quos
522 1092 561 1130 in
577 1091 664 1130 Aa.
690 1091 824 1144 Apost.
851 1092 884 1131 11
896 1123 906 1139 ,
932 1109 984 1141 44
996 1125 1006 1141 ,
1021 1095 1134 1132 omnia
1151 1093 1301 1146 hahmffe

29 1146 223 1185 communia
240 1145 345 1198 legis.
363 1144 496 1197 (Inter
511 1145 695 1185 Ethnicos
714 1146 859 1198 primus
871 1146 1113 1199 Pythagoras
1129 1150 1231 1186 κοινὰ
1248 1149 1302 1186 τὰ

29 1197 108 1238 τῦν
127 1200 246 1250 φίλων
269 1199 344 1239 ess'e
363 1201 653 1251 pronuntiavit,
678 1201 717 1238 &
743 1199 870 1251 reapse
891 1202 988 1239 inter
1009 1201 1096 1240 suos
1119 1214 1303 1254 compro·

31 1252 152 1291 bavit.
169 1253 270 1293 Vide
286 1253 477 1305 Porphyr.
492 1253 569 1292 ΝΟ.
586 1254 668 1306 33.)
690 1254 742 1292 At
762 1254 798 1292 in
822 1253 1037 1306 sequiorem
1054 1255 1089 1293 id
1111 1269 1200 1294 mox
1216 1268 1303 1306 par-

29 1316 112 1345 tem
138 1305 343 1347 inseetator
369 1307 483 1346 trahit
511 1307 670 1352 Noster,
695 1320 783 1346 cum
814 1309 1006 1346 continuo
1037 1309 1113 1348 ait:
1135 1312 1171 1360 st
1189 1310 1302 1361 itaque

28 1360 183 1412 nauseat
206 1364 256 1400 ad
280 1360 373 1415 ipsbs
395 1361 574 1414 impostor,
591 1361 740 1400 callidus
754 1390 765 1407 ,
785 1362 961 1412 versutus,
983 1364 1101 1415 quique
1115 1363 1197 1414 soro
1210 1364 1304 1414 sciat

30 1415 87 1454 ‘uti
117 1416 154 1454 δ’
181 1413 261 1466 suis
296 1414 464 1466 consulere
494 1416 611 1464 rebus,
642 1419 769 1467 repente
798 1416 891 1454 dives
917 1419 1004 1467 fier,
1040 1418 1123 1466 usus
1157 1417 1303 1455 homini-

29 1470 99 1507 bus
113 1467 307 1520 fhcilibus,
335 1469 466 1520 largis,
497 1469 531 1507 δ’
550 1470 772 1520 fimplicibus.
800 1468 920 1521 Quae
943 1483 1030 1510 cum
1056 1471 1108 1509 ita
1140 1470 1235 1515 sint,
1260 1469 1303 1509 δε

30 1523 164 1562 omnia
185 1522 306 1576 usque
319 1523 416 1562 adeo
436 1523 576 1575 liquida
589 1524 629 1562 δι
645 1535 775 1576 aperta
785 1552 798 1568 ‚
815 1524 907 1575 quid
921 1525 1188 1563 emendatione
1202 1536 1305 1577 opus

31 1576 134 1623 fuit,
155 1589 235 1629 qua
253 1577 486 1629 depravatur
506 1587 657 1623 textus,
684 1589 764 1615 non
784 1578 965 1616 iuvatur?
996 1577 1084 1616 Fuit
1110 1578 1221 1617 etiam
1243 1590 1304 1617 re-

32 1641 187 1684 pertus,
208 1632 276 1684 qui
295 1642 435 1670 vocem
453 1634 567 1670 κοινὸς
582 1631 707 1670 hocin
724 1631 814 1670 loco
829 1632 873 1670 de
891 1633 1084 1685 impuritate
1099 1632 1305 1671 contende-

31 1696 92 1724 ret
111 1685 406 1738 intelligendam.
431 1683 531 1736 Quo
555 1685 647 1736 quid
669 1684 865 1724 absurdius
879 1698 944 1724 aut
959 1685 1124 1725 inscitius
1147 1686 1304 1738 excogi-

31 1739 107 1780 tari
124 1738 259 1791 poffir,
284 1751 363 1778 non
379 1739 506 1778 video.
522 1738 567 1777 In
581 1738 631 1778 G.
651 1748 778 1778 tamen
795 1738 942 1778 Pasoris
956 1739 1123 1788 Codice,
1141 1740 1206 1792 qui
1227 1738 1305 1779 for-

31 1803 73 1833 te
95 1793 143 1832 ad
168 1806 304 1832 manus
328 1793 507 1844 pervenit
528 1805 654 1840 meas,
678 1804 856 1832 notatum
877 1794 1014 1840 video,
1036 1796 1140 1832 κοινὰ
1159 1795 1303 1847 impura.

34 1847 166 1888 Huius
188 1846 392 1901 discipulus
412 1845 648 1886 Pfochenius
671 1847 841 1898 arripuit.
864 1846 958 1892 Sed,
977 1848 1032 1886 his
1047 1846 1175 1893 miffis,
1198 1848 1244 1886 de
1260 1860 1303 1887 re

33 1901 46 1940 i
77 1899 113 1940 sa
127 1901 218 1940 vide
234 1901 324 1941 lust.
341 1901 457 1940 Mart.
473 1901 558 1940 dial.
577 1913 665 1940 cum
681 1901 836 1952 Tryph.
855 1900 942 1954 308.
959 1902 1114 1941 SOLAN.
1138 1901 1303 1954 Propter

55 1967 140 2007 pem
155 1955 479 2002 immortalitatis,
501 1966 660 2007 propter
683 1967 852 1994 amorem
873 1967 1050 1994 mutuum
1064 1987 1075 2001 ,
1089 1967 1306 1994 contemnunt

35 2007 188 2062 reliqua,
214 2021 336 2062 opes,
361 2009 540 2056 divitias,
564 2008 605 2047 δι
627 2010 815 2048 communia
830 2021 979 2062 putant,
1003 2022 1045 2048 ut
1067 2021 1207 2061 aquam
1224 2038 1235 2058 ,
1259 2021 1303 2048 ut

35 2066 178 2104 aerem.
197 2063 322 2103 Nimis
342 2075 434 2102 nota
458 2062 512 2101 est
535 2073 649 2101 vetus
680 2064 742 2101 illa
766 2063 957 2102 bonorum
987 2064 1230 2110 communio,
1250 2064 1306 2102 ni·

36 2117 109 2157 mis
126 2126 257 2170 aperte
277 2117 413 2157 eodem
433 2115 649 2156 referuntur
670 2116 861 2169 sequentia
875 2147 888 2163 ,
911 2130 1026 2169 quam
1042 2128 1085 2156 ut
1110 2117 1173 2156 vel
1194 2117 1240 2156 de
1262 2117 1304 2156 il-

38 2171 73 2211 la
90 2170 333 2211 Hellenistica
350 2171 508 2211 notione
522 2169 590 2211 τοῦ
605 2170 722 2210 κοινοῦ
737 2202 747 2217 ,
765 2172 799 2211 h.
811 2184 844 2210 e.
865 2171 1002 2223 profizni
1014 2202 1025 2219 ,
1040 2170 1105 2210 vel
1121 2173 1166 2210 de
1177 2183 1307 2210 emen-

38 2225 192 2265 datione
206 2226 244 2264 in
263 2227 374 2274 κενὲι,
397 2226 437 2264 in
459 2237 625 2265 mentem
648 2226 778 2264 venire
798 2225 911 2264 nobis
931 2226 1074 2265 debeat.
1095 2224 1225 2265 GESN.

93 2280 175 2318 ibid.
188 2274 296 2318 ”Am
319 2281 421 2319 τινὸς
446 2278 529 2331 ἀκρ.
549 2277 689 2332 mlo-7.)
715 2278 1019 2318 Christianorum
1041 2291 1119 2318 tam
1141 2277 1302 2319 effusam

37 2333 78 2372 in
93 2332 183 2373 suos
198 2331 487 2373 beneficentiam
502 2345 589 2373 cum
604 2333 758 2373 elevare
771 2333 879 2372 aliter
893 2347 970 2372 non
985 2332 1106 2386 poffet
1117 2362 1128 2380 ‚
1151 2332 1303 2372 stultam

39 2385 150 2427 fuiffe
168 2399 216 2426 ex
231 2399 281 2428 eo
297 2386 493 2426 ostendere
508 2398 684 2433 conatur,
700 2387 805 2439 quod
820 2387 1083 2440 quaestoribus
1099 2388 1232 2426 aerarii
1246 2386 1302 2425 sui

39 2453 187 2482 temere
211 2441 416 2491 pecuniam
443 2441 637 2493 publicam
666 2442 933 2486 committant,
961 2454 1030 2482 nec
1052 2439 1137 2480 satis
1161 2441 1228 2479 sibi
1253 2441 1302 2478 ab

39 2507 178 2537 eorum
200 2495 333 2536 fraude
354 2506 528 2537 caveant.
552 2493 650 2546 Qua
668 2496 705 2534 in
729 2508 770 2535 re
784 2508 1017 2549 quamquam
1041 2508 1064 2535 a
1083 2494 1304 2535 Christianis
