1835 3408
481 142 571 189 530
665 122 1547 173 ANNOTATIONES

472 216 587 255 huius
602 213 805 268 scripturae
821 226 901 253 non
919 212 1101 260 assecuta,
1124 212 1304 264 neglexit.
1323 212 1424 266 Lege
1441 212 1564 267 Ἀλεξ.
1579 226 1662 267 cap.
1676 226 1740 268 25,

472 270 514 309 δε
532 270 680 320 plaude.
701 269 859 308 SOLAN.

497 359 499 361 ,
525 323 615 375 Pag.
638 335 726 370 254.
745 324 770 360 l.
793 336 828 361 2.
851 319 919 360 Τῆς
943 316 1135 373 χρηστῆς)
1158 317 1361 370 Εἱρωνικῶς.
1385 319 1553 360 GUYET.

525 383 598 414 cad.
621 377 643 414 l.
659 375 694 414 8.
710 376 777 415 Τὴν
792 374 944 425 αὔλιον)
970 374 1029 412 Sic
1054 373 1135 411 edd.
1163 385 1242 412 non
1269 373 1328 412 hic
1344 375 1481 419 modo,
1504 373 1564 412 sed
1584 371 1738 413 &infra
1807 370 1835 406 ὃν

472 429 573 469 Dial.
598 429 692 475 XV,
712 429 791 467 sive
806 429 960 467 Meretr.
977 426 1134 472 ultimo,
1159 426 1196 464 in
1218 426 1314 464 med.
1340 427 1403 465 καὶ
1427 424 1445 467 ἦ
1469 425 1599 466 αὔλιος
1621 425 1737 478 {aplac-
1809 420 1833 460 εἲ)

471 498 574 522 σετο.
598 481 713 522 Conf.
730 481 770 520 δι
792 482 905 534 supra
917 479 1023 519 Tox.
1042 491 1126 531 cap.
1145 492 1202 530 ¹7·
1223 479 1321 518 Nam
1341 480 1420 519 aliis
1437 479 1586 520 αὔλειος
1611 480 1735 533 vulgo

470 536 658 576 scribitur.
681 536 830 575 Rzrrz.

525 592 600 628 ead.
614 590 639 627 l.
659 602 671 626 ι
685 602 716 641 5.
732 582 822 642 Οὖχ
836 586 963 638 ἑώρων)
983 584 1137 624 Mallem
1162 582 1237 638 οὔχ
1250 578 1356 637 εὗρον.
1370 585 1526 626 SOLAN.

526 643 617 693 Pag.
633 655 721 694 255.
733 643 759 680 l.
779 656 811 680 2.
828 641 880 679 Ἐν
893 639 974 692 χρῷ
989 639 1207 688 κεκαρμένον
1223 640 1239 691 )
1257 639 1378 679 Paulo
1394 640 1476 692 post
1490 640 1580 692 quid
1599 639 1675 681 hoc
1689 639 1735 682 stt

472 697 585 736 docet
599 725 609 741 .
630 708 719 734 cum
742 695 816 741 ait,
845 693 987 732 morbo
1005 692 1194 730 defluente
1219 704 1356 738 coma,
1378 706 1479 745 caput
1502 706 1584 732 eam
1607 694 1734 747 rafiffi.

472 749 585 788 Disce
606 750 716 788 etiam
736 748 796 787 hic
817 758 961 786 morem
984 745 1115 792 fuiffe,
1135 756 1178 784 ut
1202 745 1362 785 iuvenes
1381 746 1418 786 ἐν
1442 746 1525 800 χρῷ
1545 762 1641 787 κεκοι
1659 750 1734 797 μὲ-

471 818 522 843 νοι
557 801 696 847 effent,
717 814 805 842 cum
830 801 1010 840 iuvenem
1035 798 1110 838 effe
1131 799 1351 846 crediderit,
1371 812 1486 853 quem
1513 801 1565 840 ita
1590 802 1638 840 ha
1668 813 1734 841 ere

471 856 662 909 palpando
686 854 877 895 sentiebat.
905 853 1063 893 SOLAN.

540 911 614 948 ead.
628 909 653 947 Ι.
675 922 735 960 15.
756 905 951 959 anr'mnv)
980 905 1096 946 Conf.
1115 904 1226 958 supra
1247 905 1348 945 Dial.
1372 907 1526 955 Mer-„V
1546 907 1646 947 med.
1666 907 1733 947 ubi

471 976 560 1002 cum
586 963 746 1003 πηνήκην
773 962 963 1006 dederim,
980 960 1021 1001 δι
1049 959 1108 999 hic
1126 959 1178 999 ita
1199 958 1436 1001 scribendum
1460 971 1554 1002 erat.
1571 962 1734 1003 Πηνίιιιιν

472 1017 557 1056 vult
577 1016 729 1067 Guyet.
754 1028 844 1055 cum
868 1013 1145 1066 Lexicograph.
1167 1013 1315 1060 Rmrz.

529 1070 623 1121 Pag.
643 1070 729 1122 256.
747 1069 772 1108 l.
790 1081 847 1109 12.
868 1070 915 1106 Το
937 1065 1073 1120 serva)
1095 1069 1141 1106 ‘rb
1160 1066 1278 1108 ἒεινον
1300 1066 1540 1108 scribendum
1566 1067 1734 1110 videtur.

473 1122 645 1163 GUYE'r.
1164 1159 1169 1164 .

528 1177 620 1230 Pag.
636 1189 724 1228 257.
738 1175 764 1214 l.
782 1189 816 1215 2.
835 1174 889 1215 Ἐν
905 1173 979 1226 δὲ)
999 1171 1093 1213 Illud
1111 1173 1160 1214 δὲ
1177 1174 1285 1214 initio
1308 1173 1465 1227 Dialogi
1478 1205 1490 1223 ‚
1511 1173 1591 1214 fine
1613 1187 1736 1230 appa-

470 1241 580 1271 rente
596 1230 794 1273 relatione,
810 1229 888 1268 vid.
903 1228 1016 1267 etiam
1033 1226 1121 1266 Dial
1138 1228 1214 1268 VII
1240 1229 1280 1268 &
1298 1228 1391 1267 VilI
1407 1241 1463 1281 pr.
1477 1228 1626 1270 Rurz,

529 1287 601 1323 ead.
615 1284 638 1322 l.
657 1298 688 1335 5.
704 1279 858 1334 Οὖθεὶς)
876 1280 952 1321 Etsi
971 1280 1208 1334 frequentius
1223 1277 1345 1322 οὔέεὶς
1368 1282 1552 1334 scriptum
1572 1282 1735 1323 invenio

470 1339 573 1389 apud
594 1337 800 1385 Nostrum,
818 1335 910 1374 nihil
930 1346 1056 1375 tamen
1076 1334 1227 1384 obstat,
1252 1337 1343 1388 quin
1367 1336 1407 1374 δι
1435 1333 1542 1375 οὐθεὶς
1569 1336 1630 1377 hic
1654 1336 1746 1376 ser-'

473 1404 563 1430 vem
578 1420 590 1439 ,
611 1391 704 1443 quia
713 1391 769 1482 ἐκ
783 1389 998 1441 promiscue
1017 1389 1117 1442 apud
1136 1389 1256 1436 alios,
1279 1401 1322 1429 ut
1341 1389 1430 1429 satis
1449 1389 1589 1430 dietum
1603 1391 1650 1432 ad
1663 1390 1733 1435 Pa<

473 1444 544 1483 ras.
564 1458 606 1484 ca
638 1472 646 1482 .
667 1456 698 1482 ⁰.
755 1452 860 1481 ΕΠΖ.

528 1459 914 1548 ead.}}.·}.A1÷‘mtpoe)
935 1494 1054 1535 Conf.
1076 1495 1249 1549 Alciphr.
1263 1495 1340 1545 ΙΙΙ,
1362 1495 1432 1550 Ep.
1447 1496 1520 1551 36,
1541 1509 1626 1550 pag.
1641 1506 1733 1552 352.'

472 1551 566 1590 Item
582 1563 665 1602 pag.
687 1562 760 1603 350
785 1550 822 1589 δι
843 1562 930 1602 351.
946 1548 1093 1588 Rzrrz.
1808 1569 1810 1600 ;

527 1608 601 1643 ead.
616 1605 640 1643 l.
653 1617 690 1655 9.
708 1603 763 1642 Ἐς
786 1603 992 1656 πλαίσιον)
1012 1603 1124 1642 Hanc
1139 1615 1281 1643 vocem
1305 1603 1574 1656 interpretatur
1592 1602 1730 1645 Codex
1809 1602 1811 1615 ¹

471 1657 751 1697 Memmianus:
773 1657 965 1703 πλαίσιον,
983 1656 1203 1708 παράταξις
1223 1657 1258 1697 ἐν
1273 1658 1539 1709 τετραπλεύρῳ
1556 1657 1609 1708 τῷ
1627 1660 1731 1712 cxii·
1795 1655 1802 1662 '

469 1725 598 1762 ματι,
618 1710 763 1750 ταύτην
798 1709 844 1749 ἑὲ
871 1709 1118 1749 ἐκτάσσουσιν
1147 1708 1264 1749 ὁπότε
1295 1710 1416 1764 ὀλίγοι
1447 1713 1538 1762 πρὶς
1573 1715 1728 1752 πλείους

472 1764 780 1858 ὃιαγωὲίζονται.
806 1764 921 1803 Hanc
943 1763 1082 1803 habent
1100 1764 1450 1817 interpretationem
1467 1764 1628 1814 Pollux,
1649 1766 1729 1806 He-

470 1818 492 1857 s
508 1819 578 1859 ἐὴ.
631 1828 769 1858 oum).

489 1832 508 1870 y
528 1872 622 1923 Pag.
645 1884 732 1922 259.
754 1871 778 1910 l.
801 1883 859 1924 15.
882 1870 1080 1924 Σα-ρίσσῳ)
1101 1870 1158 1910 Ita
1179 1869 1371 1911 scribenda
1398 1871 1491 1912 haec
1508 1884 1591 1912 vox
1613 1876 1656 1912 N.
1679 1879 1727 1914 Δ.

471 1925 639 1965 XXVII.
670 1924 789 1977 Quae
807 1936 935 1964 tamen
957 1925 1037 1973 hic,
1062 1926 1103 1965 &
1124 1926 1278 1965 duobus
1298 1925 1539 1978 sequentibus
1561 1927 1600 1964 in
1618 1925 1728 1974 locis,

470 1979 631 2030 {implici
661 1977 777 2031 sigma
806 1978 845 2017 in
873 1979 1054 2018 omnibus
1088 1977 1272 2032 impreffis
1301 1977 1439 2031 scripta
1468 1979 1532 2020 est.
1565 1979 1723 2020 SOLAN.

471 2032 638 2085 Bergler.
658 2033 703 2072 ad
726 2031 897 2086 Alciphr.
920 2031 996 2077 111,
1020 2044 1103 2085 pag.
1120 2045 1188 2086 351
1205 2061 1218 2078 ,
1241 2032 1342 2073 reste
1360 2045 1521 2086 quoque
1540 2033 1727 2080 affirmat,

469 2085 642 2126 usitatius
661 2086 815 2139 gemino
836 2100 862 2125 σ
884 2084 1016 2133 scribi3
1047 2084 1107 2125 sed
1131 2085 1224 2138 quia
1247 2099 1342 2126 mox
1364 2098 1422 2126 ter
1444 2088 1579 2140 quater
1600 2086 1638 2126 se
1662 2087 1727 2128 of-

469 2140 543 2179 fert
564 2152 645 2179 uno
672 2155 698 2179 σ
721 2151 918 2179 exaratum
942 2139 979 2178 in
998 2139 1203 2185 omnibus,
1232 2152 1307 2192 ego
1326 2139 1417 2179 nihil
1437 2150 1588 2181 mutare
1614 2142 1726 2182 vole-

468 2193 572 2232 bam.
587 2193 688 2233 Cum
710 2193 749 2233 &
766 2194 802 2232 in
822 2192 916 2232 Poll.
933 2193 975 2232 L.
992 2192 1011 2231 Ι
1030 2193 1072 2233 &
1088 2193 1148 2238 X,
1167 2193 1338 2244 σάρισσα
1360 2192 1461 2234 reete
1481 2194 1632 2248 quidem
1648 2196 1726 2234 edi·

469 2255 575 2294 tum;
594 2247 653 2287 sed
668 2247 857 2299 [unget-m.
875 2247 920 2286 ad
941 2247 983 2294 1,
1006 2245 1041 2287 S.
1062 2246 1157 2299 138,
1173 2247 1330 2287 testetur
1348 2249 1388 2286 in
1406 2246 1478 2287 Ms.
1496 2249 1654 2299 σάρισαν
1670 2249 1725 2287 le-

470 2301 518 2351 gi.
535 2299 646 2351 Quin
662 2300 724 2339 vel
737 2300 893 2352 σισαρας
907 2299 1008 2354 apud
1022 2299 1193 2353 Alciphr.
1208 2301 1234 2340 1.
1251 2301 1286 2341 d.
1300 2301 1358 2340 edi
1382 2300 1461 2353 pass
1463 2313 1507 2340 us
1527 2300 1580 2341 est
1593 2301 1723 2355 Bergl.

468 2355 573 2403 quod
596 2354 648 2393 fic
676 2352 856 2406 scriptum
884 2353 1099 2400 invenerit,
1128 2353 1196 2394 etsi
1224 2354 1408 2408 ’σαρίσσαις
1436 2354 1637 2407 legendum
1660 2356 1725 2395 vi-

466 2407 530 2448 dit.
549 2407 699 2449 Verum
719 2420 808 2449 cum
827 2408 868 2465 in
886 2406 989 2449 Dial.
1012 2407 1131 2448 Mort.
1151 2406 1328 2459 xxvu,
1354 2407 1370 2457 §
1397 2422 1434 2461 3,
1457 2408 1658 2461 σάρισσαν,
1679 2410 1721 2450 δι
