<?xml version="1.0" encoding="UTF-8"?>
<!DOCTYPE html PUBLIC "-//W3C//DTD XHTML 1.0 Transitional//EN"
    "http://www.w3.org/TR/xhtml1/DTD/xhtml1-transitional.dtd">
<html xmlns="http://www.w3.org/1999/xhtml" xml:lang="en" lang="en">
 <head>
  <title>
</title>
<meta http-equiv="Content-Type" content="text/html;charset=utf-8" />
  <meta name='ocr-system' content='tesseract 3.04.00' />
  <meta name='ocr-capabilities' content='ocr_page ocr_carea ocr_par ocr_line ocrx_word'/>
</head>
<body>
  <div class='ocr_page' id='page_1' title='image "./operagraeceetlat08luciuoft/operagraeceetlat08luciuoft_0389.png"; bbox 0 0 1783 3403; ppageno 0'>
   <div class='ocr_carea' id='block_1_1' title="bbox 116 227 1283 307">
    <p class='ocr_par' dir='ltr' id='par_1_1' title="bbox 116 227 1283 307">
     <span class='ocr_line' id='line_1_1' title="bbox 116 227 1283 307; baseline -0.001 -26"><span class='ocrx_word' id='word_1_1' title='bbox 116 233 187 281; x_wconf 86' lang='lat' dir='ltr'>IN</span> <span class='ocrx_word' id='word_1_2' title='bbox 208 228 493 281; x_wconf 87' lang='lat' dir='ltr'><strong>CALUMN.</strong></span> <span class='ocrx_word' id='word_1_3' title='bbox 510 231 652 307; x_wconf 56' lang='lat' dir='ltr'>NON</span> <span class='ocrx_word' id='word_1_4' title='bbox 668 227 931 278; x_wconf 88' lang='lat' dir='ltr'>TEMERE</span> <span class='ocrx_word' id='word_1_5' title='bbox 951 227 1130 276; x_wconf 88' lang='lat' dir='ltr'><strong>CRED.</strong></span> <span class='ocrx_word' id='word_1_6' title='bbox 1190 229 1283 293; x_wconf 75' lang='lat'>381⁴</span> 
     </span>
    </p>
   </div>
   <div class='ocr_carea' id='block_1_2' title="bbox 25 316 1299 908">
    <p class='ocr_par' dir='ltr' id='par_1_2' title="bbox 76 316 1107 372">
     <span class='ocr_line' id='line_1_2' title="bbox 76 316 1107 372; baseline -0.003 -11"><span class='ocrx_word' id='word_1_7' title='bbox 76 323 156 361; x_wconf 62' lang='lat' dir='ltr'>ead.</span> <span class='ocrx_word' id='word_1_8' title='bbox 169 322 192 360; x_wconf 87' lang='lat' dir='ltr'>I.</span> <span class='ocrx_word' id='word_1_9' title='bbox 206 320 242 359; x_wconf 90' lang='lat'>6.</span> <span class='ocrx_word' id='word_1_10' title='bbox 258 317 358 359; x_wconf 62' lang='grc' dir='ltr'>Οὗὸὲ</span> <span class='ocrx_word' id='word_1_11' title='bbox 374 318 527 367; x_wconf 74' lang='grc' dir='ltr'>σκότον)</span> <span class='ocrx_word' id='word_1_12' title='bbox 554 318 685 370; x_wconf 84' lang='lat' dir='ltr'>Eurip.</span> <span class='ocrx_word' id='word_1_13' title='bbox 697 318 819 372; x_wconf 87' lang='lat' dir='ltr'>Hipp.</span> <span class='ocrx_word' id='word_1_14' title='bbox 834 332 923 367; x_wconf 86' lang='lat'>417.</span> <span class='ocrx_word' id='word_1_15' title='bbox 946 316 1107 358; x_wconf 81' lang='lat' dir='ltr'><strong>SOLAN.</strong></span> 
     </span>
    </p>

    <p class='ocr_par' dir='ltr' id='par_1_3' title="bbox 80 370 1052 424">
     <span class='ocr_line' id='line_1_3' title="bbox 80 370 1052 424; baseline -0.004 -10"><span class='ocrx_word' id='word_1_16' title='bbox 80 377 153 415; x_wconf 82' lang='lat' dir='ltr'>ead.</span> <span class='ocrx_word' id='word_1_17' title='bbox 170 377 195 414; x_wconf 91' lang='lat' dir='ltr'>l.</span> <span class='ocrx_word' id='word_1_18' title='bbox 207 370 335 417; x_wconf 83' lang='grc' dir='ltr'>8.”Ιθι)</span> <span class='ocrx_word' id='word_1_19' title='bbox 352 371 500 412; x_wconf 85' lang='lat' dir='ltr'>Confer</span> <span class='ocrx_word' id='word_1_20' title='bbox 514 372 626 424; x_wconf 90' lang='lat' dir='ltr'>supra</span> <span class='ocrx_word' id='word_1_21' title='bbox 641 370 736 411; x_wconf 82' lang='grc' dir='ltr'><strong><em>Ῥητ.</em></strong></span> <span class='ocrx_word' id='word_1_22' title='bbox 754 384 789 410; x_wconf 86' lang='lat' dir='ltr'>c.</span> <span class='ocrx_word' id='word_1_23' title='bbox 810 385 869 410; x_wconf 92' lang='lat'>10.</span> <span class='ocrx_word' id='word_1_24' title='bbox 891 371 1052 411; x_wconf 71' lang='lat' dir='ltr'><strong>SOLAN.</strong></span> 
     </span>
    </p>

    <p class='ocr_par' dir='ltr' id='par_1_4' title="bbox 25 424 1294 521">
     <span class='ocr_line' id='line_1_4' title="bbox 80 424 1294 480; baseline 0.001 -13"><span class='ocrx_word' id='word_1_25' title='bbox 80 431 154 467; x_wconf 86' lang='lat' dir='ltr'>ead.</span> <span class='ocrx_word' id='word_1_26' title='bbox 167 430 190 466; x_wconf 93' lang='lat' dir='ltr'>l.</span> <span class='ocrx_word' id='word_1_27' title='bbox 212 440 267 466; x_wconf 86' lang='lat'>12.</span> <span class='ocrx_word' id='word_1_28' title='bbox 280 425 333 474; x_wconf 68' lang='grc' dir='ltr'>Τῖιῖ</span> <span class='ocrx_word' id='word_1_29' title='bbox 346 425 534 480; x_wconf 70' lang='grc' dir='ltr'>γλώττῃ)</span> <span class='ocrx_word' id='word_1_30' title='bbox 556 426 721 478; x_wconf 82' lang='lat' dir='ltr'><strong>Lingua,</strong></span> <span class='ocrx_word' id='word_1_31' title='bbox 748 424 882 479; x_wconf 85' lang='lat' dir='ltr'>supple</span> <span class='ocrx_word' id='word_1_32' title='bbox 904 427 1074 479; x_wconf 89' lang='lat' dir='ltr'>impura,</span> <span class='ocrx_word' id='word_1_33' title='bbox 1091 439 1112 465; x_wconf 92' lang='lat' dir='ltr'>a</span> <span class='ocrx_word' id='word_1_34' title='bbox 1129 424 1294 471; x_wconf 75' lang='lat' dir='ltr'>fellatio-‘¹</span> 
     </span>
     <span class='ocr_line' id='line_1_5' title="bbox 25 480 362 521; baseline -0.003 0"><span class='ocrx_word' id='word_1_35' title='bbox 25 493 76 521; x_wconf 77' lang='lat' dir='ltr'>ne</span> <span class='ocrx_word' id='word_1_36' title='bbox 93 481 166 520; x_wconf 86' lang='lat' dir='ltr'>scil.</span> <span class='ocrx_word' id='word_1_37' title='bbox 191 480 362 520; x_wconf 79' lang='lat' dir='ltr'><strong>GUYET.</strong></span> 
     </span>
    </p>

    <p class='ocr_par' dir='ltr' id='par_1_5' title="bbox 27 530 1296 640">
     <span class='ocr_line' id='line_1_6' title="bbox 82 530 1296 585; baseline 0.001 -12"><span class='ocrx_word' id='word_1_38' title='bbox 82 537 155 573; x_wconf 85' lang='lat' dir='ltr'>ead.</span> <span class='ocrx_word' id='word_1_39' title='bbox 169 535 192 572; x_wconf 90' lang='lat' dir='ltr'>l.</span> <span class='ocrx_word' id='word_1_40' title='bbox 211 533 435 582; x_wconf 66' lang='lat' dir='ltr'>14.Aieioaeae</span> <span class='ocrx_word' id='word_1_41' title='bbox 446 530 557 584; x_wconf 73' lang='grc' dir='ltr'>σμῆχ</span> <span class='ocrx_word' id='word_1_42' title='bbox 566 546 616 572; x_wconf 79' lang='grc' dir='ltr'>ειν</span> <span class='ocrx_word' id='word_1_43' title='bbox 631 531 834 585; x_wconf 70' lang='grc' dir='ltr'>ἐπιχειρῶ)</span> <span class='ocrx_word' id='word_1_44' title='bbox 849 531 1296 585; x_wconf 67' lang='lat' dir='ltr'>ParoemiogrBOURD:</span> 
     </span>
     <span class='ocr_line' id='line_1_7' title="bbox 27 585 1003 640; baseline -0.001 -13"><span class='ocrx_word' id='word_1_45' title='bbox 27 586 73 627; x_wconf 87' lang='lat' dir='ltr'>In</span> <span class='ocrx_word' id='word_1_46' title='bbox 89 587 236 628; x_wconf 89' lang='lat' dir='ltr'>Schotti</span> <span class='ocrx_word' id='word_1_47' title='bbox 251 588 401 640; x_wconf 83' lang='lat' dir='ltr'>Adagio</span> <span class='ocrx_word' id='word_1_48' title='bbox 415 587 616 638; x_wconf 83' lang='lat' dir='ltr'>legendum</span> <span class='ocrx_word' id='word_1_49' title='bbox 638 585 818 625; x_wconf 70' lang='grc' dir='ltr'><em>ἀνόνητον.</em></span> <span class='ocrx_word' id='word_1_50' title='bbox 842 585 1003 626; x_wconf 78' lang='lat' dir='ltr'><strong>SOLAN.</strong></span> 
     </span>
    </p>

    <p class='ocr_par' dir='ltr' id='par_1_6' title="bbox 82 637 1294 694">
     <span class='ocr_line' id='line_1_8' title="bbox 82 637 1294 694; baseline 0.002 -15"><span class='ocrx_word' id='word_1_51' title='bbox 82 642 176 693; x_wconf 84' lang='lat' dir='ltr'>Pag.</span> <span class='ocrx_word' id='word_1_52' title='bbox 190 654 252 693; x_wconf 90' lang='lat'>29.</span> <span class='ocrx_word' id='word_1_53' title='bbox 265 642 288 680; x_wconf 89' lang='lat' dir='ltr'>l.</span> <span class='ocrx_word' id='word_1_54' title='bbox 304 655 317 680; x_wconf 90' lang='lat'>1</span> <span class='ocrx_word' id='word_1_55' title='bbox 329 656 362 694; x_wconf 82' lang='lat'>3.</span> <span class='ocrx_word' id='word_1_56' title='bbox 377 639 648 692; x_wconf 58' lang='grc' dir='ltr'>Μαχαιρίὸοις)</span> <span class='ocrx_word' id='word_1_57' title='bbox 661 637 722 678; x_wconf 85' lang='lat' dir='ltr'>Cf.</span> <span class='ocrx_word' id='word_1_58' title='bbox 737 637 847 691; x_wconf 87' lang='lat' dir='ltr'>supra</span> <span class='ocrx_word' id='word_1_59' title='bbox 861 640 986 686; x_wconf 69' lang='grc' dir='ltr'>Ἀναιβ.</span> <span class='ocrx_word' id='word_1_60' title='bbox 1007 653 1040 680; x_wconf 91' lang='lat' dir='ltr'>c.</span> <span class='ocrx_word' id='word_1_61' title='bbox 1053 652 1117 692; x_wconf 81' lang='lat'>45.</span> <span class='ocrx_word' id='word_1_62' title='bbox 1131 639 1294 681; x_wconf 69' lang='lat' dir='ltr'>SOLAN.⁴</span> 
     </span>
    </p>

    <p class='ocr_par' dir='ltr' id='par_1_7' title="bbox 35 692 1296 804">
     <span class='ocr_line' id='line_1_9' title="bbox 85 692 1296 748; baseline 0.001 -15"><span class='ocrx_word' id='word_1_63' title='bbox 85 695 175 748; x_wconf 80' lang='lat' dir='ltr'>Pag.</span> <span class='ocrx_word' id='word_1_64' title='bbox 192 708 252 748; x_wconf 84' lang='lat'>30.</span> <span class='ocrx_word' id='word_1_65' title='bbox 264 695 290 733; x_wconf 92' lang='lat' dir='ltr'>l.</span> <span class='ocrx_word' id='word_1_66' title='bbox 303 696 340 734; x_wconf 91' lang='lat'>6.</span> <span class='ocrx_word' id='word_1_67' title='bbox 359 697 406 732; x_wconf 81' lang='grc' dir='ltr'>Γο</span> <span class='ocrx_word' id='word_1_68' title='bbox 420 696 486 733; x_wconf 65' lang='grc' dir='ltr'>τῆς</span> <span class='ocrx_word' id='word_1_69' title='bbox 502 692 626 745; x_wconf 63' lang='grc' dir='ltr'>κυνὶς)</span> <span class='ocrx_word' id='word_1_70' title='bbox 651 692 773 745; x_wconf 85' lang='lat' dir='ltr'>Supra</span> <span class='ocrx_word' id='word_1_71' title='bbox 786 693 884 732; x_wconf 87' lang='lat' dir='ltr'>idem</span> <span class='ocrx_word' id='word_1_72' title='bbox 901 697 986 745; x_wconf 85' lang='grc' dir='ltr'>Τιμ.</span> <span class='ocrx_word' id='word_1_73' title='bbox 1005 706 1086 748; x_wconf 89' lang='lat' dir='ltr'>cap.</span> <span class='ocrx_word' id='word_1_74' title='bbox 1103 708 1139 747; x_wconf 93' lang='lat'>9.</span> <span class='ocrx_word' id='word_1_75' title='bbox 1159 695 1261 747; x_wconf 76' lang='lat' dir='ltr'>(iarn</span> <span class='ocrx_word' id='word_1_76' title='bbox 1277 694 1296 744; x_wconf 68' lang='lat'>5</span> 
     </span>
     <span class='ocr_line' id='line_1_10' title="bbox 35 746 727 804; baseline -0.003 -17"><span class='ocrx_word' id='word_1_77' title='bbox 35 748 118 802; x_wconf 80' lang='lat'>14.)</span> <span class='ocrx_word' id='word_1_78' title='bbox 134 749 238 788; x_wconf 90' lang='lat' dir='ltr'>Nota</span> <span class='ocrx_word' id='word_1_79' title='bbox 253 748 398 804; x_wconf 77' lang='lat' dir='ltr'>Aesopi</span> <span class='ocrx_word' id='word_1_80' title='bbox 411 746 548 786; x_wconf 87' lang='lat' dir='ltr'>fabula.</span> <span class='ocrx_word' id='word_1_81' title='bbox 568 747 727 786; x_wconf 78' lang='lat' dir='ltr'>SOLAN.</span> 
     </span>
    </p>

    <p class='ocr_par' dir='ltr' id='par_1_8' title="bbox 30 799 1299 908">
     <span class='ocr_line' id='line_1_11' title="bbox 86 799 1299 854; baseline 0.001 -14"><span class='ocrx_word' id='word_1_82' title='bbox 86 806 163 841; x_wconf 84' lang='lat' dir='ltr'>ead.</span> <span class='ocrx_word' id='word_1_83' title='bbox 184 802 210 841; x_wconf 94' lang='lat' dir='ltr'>l.</span> <span class='ocrx_word' id='word_1_84' title='bbox 235 815 249 840; x_wconf 85' lang='lat'>1</span> <span class='ocrx_word' id='word_1_85' title='bbox 263 814 293 840; x_wconf 92' lang='lat'>1.</span> <span class='ocrx_word' id='word_1_86' title='bbox 319 800 423 841; x_wconf 79' lang='grc' dir='ltr'>Αὑθις</span> <span class='ocrx_word' id='word_1_87' title='bbox 446 801 587 849; x_wconf 54' lang='lat' dir='ltr'>&amp;noticia</span> <span class='ocrx_word' id='word_1_88' title='bbox 609 799 828 854; x_wconf 67' lang='grc' dir='ltr'>πολλάκις)</span> <span class='ocrx_word' id='word_1_89' title='bbox 852 800 1055 841; x_wconf 78' lang='lat' dir='ltr'>Ubinam?</span> <span class='ocrx_word' id='word_1_90' title='bbox 1080 800 1148 841; x_wconf 81' lang='lat' dir='ltr'>nisi</span> <span class='ocrx_word' id='word_1_91' title='bbox 1169 800 1299 841; x_wconf 84' lang='lat' dir='ltr'>forsan</span> 
     </span>
     <span class='ocr_line' id='line_1_12' title="bbox 30 853 712 908; baseline -0.001 -13"><span class='ocrx_word' id='word_1_92' title='bbox 30 853 170 908; x_wconf 70' lang='grc' dir='ltr'>ἀποφρ.</span> <span class='ocrx_word' id='word_1_93' title='bbox 191 855 355 895; x_wconf 88' lang='lat' dir='ltr'>eundem</span> <span class='ocrx_word' id='word_1_94' title='bbox 375 853 528 908; x_wconf 68' lang='lat' dir='ltr'>speEiat.</span> <span class='ocrx_word' id='word_1_95' title='bbox 551 854 712 894; x_wconf 78' lang='lat' dir='ltr'><strong>SOLAN.</strong></span> 
     </span>
    </p>
   </div>
   <div class='ocr_carea' id='block_1_3' title="bbox 567 971 710 982">
    <p class='ocr_par' dir='ltr' id='par_1_9' title="bbox 567 971 710 982">
     <span class='ocr_line' id='line_1_13' title="bbox 567 971 710 982; baseline 0 0"><span class='ocrx_word' id='word_1_96' title='bbox 567 971 710 982; x_wconf 95' lang='lat' dir='ltr'> </span> 
     </span>
    </p>
   </div>
   <div class='ocr_carea' id='block_1_4' title="bbox 718 971 918 983">
    <p class='ocr_par' dir='ltr' id='par_1_10' title="bbox 718 971 918 983">
     <span class='ocr_line' id='line_1_14' title="bbox 718 971 918 983; baseline 0 0"><span class='ocrx_word' id='word_1_97' title='bbox 718 971 918 983; x_wconf 95' lang='lat' dir='ltr'> </span> 
     </span>
    </p>
   </div>
   <div class='ocr_carea' id='block_1_5' title="bbox 922 972 1137 983">
    <p class='ocr_par' dir='ltr' id='par_1_11' title="bbox 922 972 1137 983">
     <span class='ocr_line' id='line_1_15' title="bbox 922 972 1137 983; baseline 0 0"><span class='ocrx_word' id='word_1_98' title='bbox 922 972 1137 983; x_wconf 95' lang='lat' dir='ltr'> </span> 
     </span>
    </p>
   </div>
   <div class='ocr_carea' id='block_1_6' title="bbox 1141 965 1301 987">
    <p class='ocr_par' dir='ltr' id='par_1_12' title="bbox 1141 965 1301 987">
     <span class='ocr_line' id='line_1_16' title="bbox 1141 965 1301 987; baseline 0 0"><span class='ocrx_word' id='word_1_99' title='bbox 1141 965 1301 987; x_wconf 60' lang='lat' dir='ltr'>—u—-t</span> 
     </span>
    </p>
   </div>
   <div class='ocr_carea' id='block_1_7' title="bbox 149 1037 1168 1085">
    <p class='ocr_par' dir='ltr' id='par_1_13' title="bbox 149 1037 1168 1085">
     <span class='ocr_line' id='line_1_17' title="bbox 149 1037 1168 1085; baseline 0.001 -2"><span class='ocrx_word' id='word_1_100' title='bbox 149 1039 220 1083; x_wconf 91' lang='lat' dir='ltr'>IN</span> <span class='ocrx_word' id='word_1_101' title='bbox 249 1037 527 1084; x_wconf 88' lang='lat' dir='ltr'><strong>CALUMN.</strong></span> <span class='ocrx_word' id='word_1_102' title='bbox 548 1038 691 1083; x_wconf 87' lang='lat' dir='ltr'>NON</span> <span class='ocrx_word' id='word_1_103' title='bbox 709 1037 969 1085; x_wconf 88' lang='lat' dir='ltr'><strong>TEMERE</strong></span> <span class='ocrx_word' id='word_1_104' title='bbox 989 1039 1168 1085; x_wconf 86' lang='lat' dir='ltr'><strong>CRED.</strong></span> 
     </span>
    </p>
   </div>
   <div class='ocr_carea' id='block_1_8' title="bbox 34 1126 1300 1235">
    <p class='ocr_par' dir='ltr' id='par_1_14' title="bbox 34 1126 1300 1235">
     <span class='ocr_line' id='line_1_18' title="bbox 89 1126 1300 1181; baseline 0.002 -15"><span class='ocrx_word' id='word_1_105' title='bbox 89 1126 181 1180; x_wconf 83' lang='lat' dir='ltr'>Pag.</span> <span class='ocrx_word' id='word_1_106' title='bbox 196 1139 239 1181; x_wconf 83' lang='lat'>3¹</span> <span class='ocrx_word' id='word_1_107' title='bbox 248 1156 257 1166; x_wconf 92' lang='lat'>.</span> <span class='ocrx_word' id='word_1_108' title='bbox 270 1128 292 1166; x_wconf 93' lang='lat' dir='ltr'>l.</span> <span class='ocrx_word' id='word_1_109' title='bbox 310 1141 342 1166; x_wconf 89' lang='lat'>1.</span> <span class='ocrx_word' id='word_1_110' title='bbox 355 1130 454 1166; x_wconf 82' lang='grc' dir='ltr'><strong>ΠΕΡΙ</strong></span> <span class='ocrx_word' id='word_1_111' title='bbox 469 1131 564 1165; x_wconf 76' lang='grc' dir='ltr'>ΤΟΥ</span> <span class='ocrx_word' id='word_1_112' title='bbox 577 1126 662 1180; x_wconf 81' lang='grc' dir='ltr'>ΜΗ)</span> <span class='ocrx_word' id='word_1_113' title='bbox 682 1127 783 1168; x_wconf 88' lang='lat' dir='ltr'>Huic</span> <span class='ocrx_word' id='word_1_114' title='bbox 797 1127 928 1169; x_wconf 92' lang='lat' dir='ltr'>libello</span> <span class='ocrx_word' id='word_1_115' title='bbox 938 1127 1014 1168; x_wconf 89' lang='lat' dir='ltr'>Th.</span> <span class='ocrx_word' id='word_1_116' title='bbox 1027 1127 1131 1181; x_wconf 85' lang='lat' dir='ltr'>Mag.</span> <span class='ocrx_word' id='word_1_117' title='bbox 1146 1127 1300 1169; x_wconf 86' lang='lat' dir='ltr'>titulum</span> 
     </span>
     <span class='ocr_line' id='line_1_19' title="bbox 34 1178 736 1235; baseline -0.001 -14"><span class='ocrx_word' id='word_1_118' title='bbox 34 1178 126 1221; x_wconf 79' lang='lat' dir='ltr'>facit</span> <span class='ocrx_word' id='word_1_119' title='bbox 141 1182 223 1233; x_wconf 76' lang='grc' dir='ltr'>περὶ</span> <span class='ocrx_word' id='word_1_120' title='bbox 236 1181 409 1235; x_wconf 68' lang='grc' dir='ltr'>ἀγνοίας.</span> <span class='ocrx_word' id='word_1_121' title='bbox 423 1181 475 1219; x_wconf 92' lang='lat' dir='ltr'>V.</span> <span class='ocrx_word' id='word_1_122' title='bbox 490 1182 562 1230; x_wconf 68' lang='grc' dir='ltr'>μά.</span> <span class='ocrx_word' id='word_1_123' title='bbox 578 1180 736 1220; x_wconf 78' lang='lat' dir='ltr'><strong>SOLAN.</strong></span> 
     </span>
    </p>
   </div>
   <div class='ocr_carea' id='block_1_9' title="bbox 0 1234 1317 2586">
    <p class='ocr_par' dir='ltr' id='par_1_15' title="bbox 0 1234 1317 2586">
     <span class='ocr_line' id='line_1_20' title="bbox 89 1234 1304 1287; baseline 0.002 -13"><span class='ocrx_word' id='word_1_124' title='bbox 89 1237 163 1275; x_wconf 77' lang='lat' dir='ltr'>ead.</span> <span class='ocrx_word' id='word_1_125' title='bbox 178 1236 203 1274; x_wconf 92' lang='lat' dir='ltr'>l.</span> <span class='ocrx_word' id='word_1_126' title='bbox 218 1249 252 1274; x_wconf 88' lang='lat'>2.</span> <span class='ocrx_word' id='word_1_127' title='bbox 264 1234 499 1287; x_wconf 83' lang='grc' dir='ltr'>ΔιΑΒΟΛΗι)</span> <span class='ocrx_word' id='word_1_128' title='bbox 515 1235 627 1274; x_wconf 77' lang='lat' dir='ltr'>Haesi</span> <span class='ocrx_word' id='word_1_129' title='bbox 643 1236 882 1287; x_wconf 84' lang='lat' dir='ltr'>aliquantum</span> <span class='ocrx_word' id='word_1_130' title='bbox 898 1235 937 1274; x_wconf 92' lang='lat' dir='ltr'>in</span> <span class='ocrx_word' id='word_1_131' title='bbox 951 1235 1024 1275; x_wconf 88' lang='lat' dir='ltr'>hac</span> <span class='ocrx_word' id='word_1_132' title='bbox 1040 1248 1153 1282; x_wconf 83' lang='lat' dir='ltr'>voce,</span> <span class='ocrx_word' id='word_1_133' title='bbox 1170 1247 1304 1277; x_wconf 87' lang='lat' dir='ltr'>utrum</span> 
     </span>
     <span class='ocr_line' id='line_1_21' title="bbox 34 1288 1303 1342; baseline 0.002 -14"><span class='ocrx_word' id='word_1_134' title='bbox 34 1288 148 1342; x_wconf 82' lang='lat' dir='ltr'>poffit</span> <span class='ocrx_word' id='word_1_135' title='bbox 173 1289 325 1329; x_wconf 89' lang='lat' dir='ltr'>retineri</span> <span class='ocrx_word' id='word_1_136' title='bbox 340 1289 591 1341; x_wconf 83' lang='lat' dir='ltr'>pervulgatus</span> <span class='ocrx_word' id='word_1_137' title='bbox 611 1289 767 1337; x_wconf 88' lang='lat' dir='ltr'>titulus,</span> <span class='ocrx_word' id='word_1_138' title='bbox 788 1304 858 1327; x_wconf 84' lang='lat' dir='ltr'>non</span> <span class='ocrx_word' id='word_1_139' title='bbox 880 1292 1072 1328; x_wconf 80' lang='lat' dir='ltr'>credendum</span> <span class='ocrx_word' id='word_1_140' title='bbox 1089 1291 1303 1331; x_wconf 79' lang='lat' dir='ltr'>calumniae.</span> 
     </span>
     <span class='ocr_line' id='line_1_22' title="bbox 35 1341 1302 1395; baseline 0.002 -13"><span class='ocrx_word' id='word_1_141' title='bbox 35 1342 109 1383; x_wconf 87' lang='lat' dir='ltr'>Sed</span> <span class='ocrx_word' id='word_1_142' title='bbox 124 1355 211 1382; x_wconf 87' lang='lat' dir='ltr'>cum</span> <span class='ocrx_word' id='word_1_143' title='bbox 227 1343 400 1382; x_wconf 84' lang='lat' dir='ltr'>calumnia</span> <span class='ocrx_word' id='word_1_144' title='bbox 409 1341 555 1394; x_wconf 89' lang='lat' dir='ltr'>semper</span> <span class='ocrx_word' id='word_1_145' title='bbox 570 1341 657 1381; x_wconf 89' lang='lat' dir='ltr'>falsa</span> <span class='ocrx_word' id='word_1_146' title='bbox 670 1341 730 1388; x_wconf 89' lang='lat' dir='ltr'>fit,</span> <span class='ocrx_word' id='word_1_147' title='bbox 739 1343 803 1383; x_wconf 91' lang='lat' dir='ltr'>cui</span> <span class='ocrx_word' id='word_1_148' title='bbox 815 1343 979 1395; x_wconf 82' lang='lat' dir='ltr'>proinde</span> <span class='ocrx_word' id='word_1_149' title='bbox 992 1355 1071 1382; x_wconf 90' lang='lat' dir='ltr'>non</span> <span class='ocrx_word' id='word_1_150' title='bbox 1087 1345 1206 1383; x_wconf 90' lang='lat' dir='ltr'>modo</span> <span class='ocrx_word' id='word_1_151' title='bbox 1219 1356 1302 1384; x_wconf 86' lang='lat' dir='ltr'>non</span> 
     </span>
     <span class='ocr_line' id='line_1_23' title="bbox 35 1396 1305 1450; baseline 0.001 -14"><span class='ocrx_word' id='word_1_152' title='bbox 35 1407 193 1444; x_wconf 80' lang='lat' dir='ltr'>temere,</span> <span class='ocrx_word' id='word_1_153' title='bbox 207 1396 267 1436; x_wconf 90' lang='lat' dir='ltr'>sed</span> <span class='ocrx_word' id='word_1_154' title='bbox 280 1409 478 1450; x_wconf 88' lang='lat' dir='ltr'>nunquam</span> <span class='ocrx_word' id='word_1_155' title='bbox 490 1396 534 1434; x_wconf 81' lang='lat' dir='ltr'>sit</span> <span class='ocrx_word' id='word_1_156' title='bbox 549 1396 780 1435; x_wconf 88' lang='lat' dir='ltr'>credendum</span> <span class='ocrx_word' id='word_1_157' title='bbox 793 1410 805 1444; x_wconf 83' lang='lat'>3</span> <span class='ocrx_word' id='word_1_158' title='bbox 820 1409 863 1435; x_wconf 90' lang='lat' dir='ltr'>ac</span> <span class='ocrx_word' id='word_1_159' title='bbox 874 1408 1067 1450; x_wconf 85' lang='lat' dir='ltr'>praeterea</span> <span class='ocrx_word' id='word_1_160' title='bbox 1081 1397 1192 1436; x_wconf 83' lang='lat' dir='ltr'>latius</span> <span class='ocrx_word' id='word_1_161' title='bbox 1205 1398 1305 1437; x_wconf 91' lang='lat' dir='ltr'>mul-</span> 
     </span>
     <span class='ocr_line' id='line_1_24' title="bbox 35 1449 1305 1504; baseline 0.002 -15"><span class='ocrx_word' id='word_1_162' title='bbox 35 1460 81 1490; x_wconf 84' lang='lat' dir='ltr'>to</span> <span class='ocrx_word' id='word_1_163' title='bbox 103 1461 250 1504; x_wconf 87' lang='lat' dir='ltr'>pateat,</span> <span class='ocrx_word' id='word_1_164' title='bbox 272 1463 388 1503; x_wconf 89' lang='lat' dir='ltr'>quam</span> <span class='ocrx_word' id='word_1_165' title='bbox 409 1449 568 1495; x_wconf 58' lang='grc' dir='ltr'>διαβολὴ</span> <span class='ocrx_word' id='word_1_166' title='bbox 584 1479 595 1496; x_wconf 83' lang='grc'><em>,</em></span> <span class='ocrx_word' id='word_1_167' title='bbox 616 1450 655 1489; x_wconf 87' lang='lat'>&amp;</span> <span class='ocrx_word' id='word_1_168' title='bbox 680 1451 725 1489; x_wconf 90' lang='lat' dir='ltr'>ad</span> <span class='ocrx_word' id='word_1_169' title='bbox 743 1463 861 1490; x_wconf 86' lang='lat' dir='ltr'>omne</span> <span class='ocrx_word' id='word_1_170' title='bbox 882 1463 1004 1502; x_wconf 87' lang='lat' dir='ltr'>genus</span> <span class='ocrx_word' id='word_1_171' title='bbox 1024 1451 1305 1499; x_wconf 77' lang='lat' dir='ltr'>cavillationum,·</span> 
     </span>
     <span class='ocr_line' id='line_1_25' title="bbox 32 1503 1305 1558; baseline 0.002 -15"><span class='ocrx_word' id='word_1_172' title='bbox 32 1519 282 1558; x_wconf 79' lang='lat' dir='ltr'>pravarumque</span> <span class='ocrx_word' id='word_1_173' title='bbox 303 1505 612 1558; x_wconf 81' lang='lat' dir='ltr'><em>interpretationum</em></span> <span class='ocrx_word' id='word_1_174' title='bbox 634 1503 840 1544; x_wconf 75' lang='lat' dir='ltr'>referatur:</span> <span class='ocrx_word' id='word_1_175' title='bbox 867 1504 909 1543; x_wconf 86' lang='lat' dir='ltr'>in</span> <span class='ocrx_word' id='word_1_176' title='bbox 933 1505 1045 1544; x_wconf 86' lang='lat' dir='ltr'>titulo</span> <span class='ocrx_word' id='word_1_177' title='bbox 1067 1505 1184 1544; x_wconf 86' lang='lat' dir='ltr'>malui</span> <span class='ocrx_word' id='word_1_178' title='bbox 1209 1505 1305 1546; x_wconf 84' lang='lat' dir='ltr'>illud</span> 
     </span>
     <span class='ocr_line' id='line_1_26' title="bbox 0 1557 1303 1612; baseline 0.002 -15"><span class='ocrx_word' id='word_1_179' title='bbox 0 1582 1 1592; x_wconf 37' lang='grc' dir='ltr'>ι</span> <span class='ocrx_word' id='word_1_180' title='bbox 36 1571 204 1612; x_wconf 86' lang='lat' dir='ltr'>ponere,</span> <span class='ocrx_word' id='word_1_181' title='bbox 222 1559 329 1612; x_wconf 89' lang='lat' dir='ltr'>quod</span> <span class='ocrx_word' id='word_1_182' title='bbox 343 1558 489 1611; x_wconf 81' lang='lat' dir='ltr'>Apellis</span> <span class='ocrx_word' id='word_1_183' title='bbox 504 1557 680 1605; x_wconf 84' lang='lat' dir='ltr'>historia,</span> <span class='ocrx_word' id='word_1_184' title='bbox 695 1557 923 1598; x_wconf 84' lang='lat' dir='ltr'>&amp;definitio</span> <span class='ocrx_word' id='word_1_185' title='bbox 938 1558 1107 1598; x_wconf 62' lang='lat' dir='ltr'>:melotis</span> <span class='ocrx_word' id='word_1_186' title='bbox 1118 1588 1131 1605; x_wconf 92' lang='lat'>,</span> <span class='ocrx_word' id='word_1_187' title='bbox 1157 1572 1201 1599; x_wconf 90' lang='lat' dir='ltr'>ac</span> <span class='ocrx_word' id='word_1_188' title='bbox 1217 1571 1303 1599; x_wconf 85' lang='lat' dir='ltr'>tota</span> 
     </span>
     <span class='ocr_line' id='line_1_27' title="bbox 0 1605 1308 1665; baseline 0.002 -14"><span class='ocrx_word' id='word_1_189' title='bbox 0 1605 1 1633; x_wconf 58' lang='lat'>¹</span> <span class='ocrx_word' id='word_1_190' title='bbox 36 1611 248 1665; x_wconf 88' lang='lat' dir='ltr'>disputatio</span> <span class='ocrx_word' id='word_1_191' title='bbox 263 1614 427 1652; x_wconf 82' lang='lat' dir='ltr'>maxime</span> <span class='ocrx_word' id='word_1_192' title='bbox 447 1611 637 1665; x_wconf 82' lang='lat' dir='ltr'>postulare</span> <span class='ocrx_word' id='word_1_193' title='bbox 656 1613 868 1652; x_wconf 87' lang='lat' dir='ltr'>videbatur.</span> <span class='ocrx_word' id='word_1_194' title='bbox 894 1611 939 1651; x_wconf 91' lang='lat' dir='ltr'>In</span> <span class='ocrx_word' id='word_1_195' title='bbox 963 1624 1152 1652; x_wconf 82' lang='lat' dir='ltr'>contexto</span> <span class='ocrx_word' id='word_1_196' title='bbox 1174 1624 1308 1654; x_wconf 85' lang='lat' dir='ltr'>tamen</span> 
     </span>
     <span class='ocr_line' id='line_1_28' title="bbox 38 1666 1306 1720; baseline 0.001 -14"><span class='ocrx_word' id='word_1_197' title='bbox 38 1667 226 1707; x_wconf 85' lang='lat' dir='ltr'>orationis</span> <span class='ocrx_word' id='word_1_198' title='bbox 244 1679 323 1706; x_wconf 93' lang='lat' dir='ltr'>non</span> <span class='ocrx_word' id='word_1_199' title='bbox 339 1666 498 1706; x_wconf 80' lang='lat' dir='ltr'>abstinui</span> <span class='ocrx_word' id='word_1_200' title='bbox 511 1666 700 1705; x_wconf 90' lang='lat' dir='ltr'>interdum</span> <span class='ocrx_word' id='word_1_201' title='bbox 712 1667 900 1706; x_wconf 80' lang='lat' dir='ltr'>calumniae</span> <span class='ocrx_word' id='word_1_202' title='bbox 914 1667 1185 1719; x_wconf 82' lang='lat' dir='ltr'>appellatione,</span> <span class='ocrx_word' id='word_1_203' title='bbox 1202 1680 1306 1720; x_wconf 92' lang='lat' dir='ltr'>quo-</span> 
     </span>
     <span class='ocr_line' id='line_1_29' title="bbox 38 1720 1309 1773; baseline 0.001 -13"><span class='ocrx_word' id='word_1_204' title='bbox 38 1721 111 1760; x_wconf 83' lang='lat' dir='ltr'>ties</span> <span class='ocrx_word' id='word_1_205' title='bbox 125 1734 168 1760; x_wconf 89' lang='lat' dir='ltr'>ea</span> <span class='ocrx_word' id='word_1_206' title='bbox 184 1720 385 1760; x_wconf 89' lang='lat' dir='ltr'>videbatur</span> <span class='ocrx_word' id='word_1_207' title='bbox 406 1721 660 1760; x_wconf 85' lang='lat' dir='ltr'>commodior.</span> <span class='ocrx_word' id='word_1_208' title='bbox 689 1721 840 1773; x_wconf 86' lang='lat' dir='ltr'>Nempe</span> <span class='ocrx_word' id='word_1_209' title='bbox 860 1721 919 1759; x_wconf 90' lang='lat' dir='ltr'>hic</span> <span class='ocrx_word' id='word_1_210' title='bbox 938 1721 1051 1760; x_wconf 89' lang='lat' dir='ltr'>etiam</span> <span class='ocrx_word' id='word_1_211' title='bbox 1072 1722 1309 1773; x_wconf 85' lang='lat' dir='ltr'>experimur,</span> 
     </span>
     <span class='ocr_line' id='line_1_30' title="bbox 39 1773 1310 1829; baseline 0.001 -15"><span class='ocrx_word' id='word_1_212' title='bbox 39 1775 147 1828; x_wconf 87' lang='lat' dir='ltr'>quod</span> <span class='ocrx_word' id='word_1_213' title='bbox 162 1774 316 1828; x_wconf 83' lang='lat' dir='ltr'>singulis</span> <span class='ocrx_word' id='word_1_214' title='bbox 336 1775 484 1827; x_wconf 87' lang='lat' dir='ltr'>paginis</span> <span class='ocrx_word' id='word_1_215' title='bbox 495 1804 509 1821; x_wconf 92' lang='lat'>‚</span> <span class='ocrx_word' id='word_1_216' title='bbox 532 1787 611 1813; x_wconf 91' lang='lat' dir='ltr'>non</span> <span class='ocrx_word' id='word_1_217' title='bbox 629 1773 716 1813; x_wconf 89' lang='lat' dir='ltr'>satis</span> <span class='ocrx_word' id='word_1_218' title='bbox 728 1774 796 1813; x_wconf 82' lang='lat' dir='ltr'>sibi</span> <span class='ocrx_word' id='word_1_219' title='bbox 810 1773 1037 1826; x_wconf 88' lang='lat' dir='ltr'>respondere</span> <span class='ocrx_word' id='word_1_220' title='bbox 1049 1787 1165 1814; x_wconf 87' lang='lat' dir='ltr'>voces</span> <span class='ocrx_word' id='word_1_221' title='bbox 1178 1774 1310 1829; x_wconf 80' lang='lat' dir='ltr'>singu-</span> 
     </span>
     <span class='ocr_line' id='line_1_31' title="bbox 40 1827 1309 1882; baseline 0 -13"><span class='ocrx_word' id='word_1_222' title='bbox 40 1829 96 1869; x_wconf 86' lang='lat' dir='ltr'>las</span> <span class='ocrx_word' id='word_1_223' title='bbox 108 1829 285 1867; x_wconf 87' lang='lat' dir='ltr'>binarum</span> <span class='ocrx_word' id='word_1_224' title='bbox 298 1829 514 1882; x_wconf 81' lang='lat' dir='ltr'>linguarum</span> <span class='ocrx_word' id='word_1_225' title='bbox 524 1859 537 1876; x_wconf 92' lang='lat'><em>,</em></span> <span class='ocrx_word' id='word_1_226' title='bbox 559 1841 639 1869; x_wconf 91' lang='lat' dir='ltr'>non</span> <span class='ocrx_word' id='word_1_227' title='bbox 650 1827 724 1868; x_wconf 79' lang='lat' dir='ltr'>effe</span> <span class='ocrx_word' id='word_1_228' title='bbox 737 1839 881 1868; x_wconf 91' lang='lat' dir='ltr'>temere</span> <span class='ocrx_word' id='word_1_229' title='bbox 896 1830 1051 1869; x_wconf 90' lang='lat' dir='ltr'>nomina</span> <span class='ocrx_word' id='word_1_230' title='bbox 1063 1830 1174 1882; x_wconf 89' lang='lat' dir='ltr'>plane</span> <span class='ocrx_word' id='word_1_231' title='bbox 1186 1829 1309 1882; x_wconf 73' lang='lat' dir='ltr'>syno-,</span> 
     </span>
     <span class='ocr_line' id='line_1_32' title="bbox 39 1882 328 1935; baseline -0.003 -13"><span class='ocrx_word' id='word_1_232' title='bbox 39 1895 176 1935; x_wconf 85' lang='lat' dir='ltr'>nyma.</span> <span class='ocrx_word' id='word_1_233' title='bbox 198 1882 328 1923; x_wconf 69' lang='lat' dir='ltr'>stN.</span> 
     </span>
     <span class='ocr_line' id='line_1_33' title="bbox 97 1933 1310 1991; baseline 0.002 -16"><span class='ocrx_word' id='word_1_234' title='bbox 97 1939 171 1976; x_wconf 81' lang='lat' dir='ltr'>ead.</span> <span class='ocrx_word' id='word_1_235' title='bbox 183 1938 205 1975; x_wconf 91' lang='lat' dir='ltr'>l.</span> <span class='ocrx_word' id='word_1_236' title='bbox 221 1951 253 1990; x_wconf 83' lang='lat'>3.</span> <span class='ocrx_word' id='word_1_237' title='bbox 263 1937 385 1976; x_wconf 77' lang='grc' dir='ltr'>Δεινόν</span> <span class='ocrx_word' id='word_1_238' title='bbox 396 1951 446 1991; x_wconf 68' lang='grc' dir='ltr'>γε</span> <span class='ocrx_word' id='word_1_239' title='bbox 457 1936 476 1976; x_wconf 69' lang='grc' dir='ltr'>ἦ</span> <span class='ocrx_word' id='word_1_240' title='bbox 488 1933 647 1990; x_wconf 65' lang='grc' dir='ltr'>ἄγνοια)</span> <span class='ocrx_word' id='word_1_241' title='bbox 657 1935 712 1975; x_wconf 88' lang='lat' dir='ltr'>Ita</span> <span class='ocrx_word' id='word_1_242' title='bbox 723 1936 843 1976; x_wconf 88' lang='lat' dir='ltr'>ferme</span> <span class='ocrx_word' id='word_1_243' title='bbox 853 1934 963 1976; x_wconf 88' lang='lat' dir='ltr'>Plato</span> <span class='ocrx_word' id='word_1_244' title='bbox 972 1937 1010 1974; x_wconf 90' lang='lat' dir='ltr'>in</span> <span class='ocrx_word' id='word_1_245' title='bbox 1021 1935 1197 1977; x_wconf 87' lang='lat' dir='ltr'>Philebo:</span> <span class='ocrx_word' id='word_1_246' title='bbox 1211 1936 1310 1977; x_wconf 56' lang='grc' dir='ltr'>Οὔκ-ἑ</span> 
     </span>
     <span class='ocr_line' id='line_1_34' title="bbox 43 1989 1310 2045; baseline 0.002 -16"><span class='ocrx_word' id='word_1_247' title='bbox 43 2004 105 2031; x_wconf 84' lang='grc' dir='ltr'>ουν</span> <span class='ocrx_word' id='word_1_248' title='bbox 131 1990 198 2031; x_wconf 70' lang='grc' dir='ltr'>τὴν</span> <span class='ocrx_word' id='word_1_249' title='bbox 221 1991 380 2044; x_wconf 67' lang='grc' dir='ltr'>ἄγνοιαν</span> <span class='ocrx_word' id='word_1_250' title='bbox 402 1993 557 2042; x_wconf 76' lang='grc' dir='ltr'>ει’πομεν</span> <span class='ocrx_word' id='word_1_251' title='bbox 577 1991 634 2030; x_wconf 70' lang='grc' dir='ltr'>’ότι</span> <span class='ocrx_word' id='word_1_252' title='bbox 659 1994 773 2030; x_wconf 65' lang='grc' dir='ltr'><em>κακὸν</em></span> <span class='ocrx_word' id='word_1_253' title='bbox 786 1989 928 2038; x_wconf 53' lang='grc' dir='ltr'>πᾶα-ης</span> <span class='ocrx_word' id='word_1_254' title='bbox 952 1993 1077 2029; x_wconf 85' lang='lat' dir='ltr'>Nonne</span> <span class='ocrx_word' id='word_1_255' title='bbox 1089 1993 1192 2044; x_wconf 78' lang='lat' dir='ltr'>igitur</span> <span class='ocrx_word' id='word_1_256' title='bbox 1211 1992 1310 2045; x_wconf 80' lang='lat' dir='ltr'>igno-</span> 
     </span>
     <span class='ocr_line' id='line_1_35' title="bbox 42 2043 1311 2098; baseline 0.002 -14"><span class='ocrx_word' id='word_1_257' title='bbox 42 2045 191 2085; x_wconf 80' lang='lat' dir='ltr'>rantiam</span> <span class='ocrx_word' id='word_1_258' title='bbox 210 2045 355 2084; x_wconf 75' lang='lat' dir='ltr'>dicemus</span> <span class='ocrx_word' id='word_1_259' title='bbox 372 2046 525 2084; x_wconf 83' lang='lat' dir='ltr'>omnibus</span> <span class='ocrx_word' id='word_1_260' title='bbox 545 2045 608 2098; x_wconf 84' lang='lat' dir='ltr'>effe</span> <span class='ocrx_word' id='word_1_261' title='bbox 631 2046 787 2084; x_wconf 83' lang='lat' dir='ltr'>malum?</span> <span class='ocrx_word' id='word_1_262' title='bbox 815 2046 854 2084; x_wconf 88' lang='lat'>&amp;</span> <span class='ocrx_word' id='word_1_263' title='bbox 874 2045 949 2084; x_wconf 90' lang='lat' dir='ltr'>huc</span> <span class='ocrx_word' id='word_1_264' title='bbox 964 2043 1090 2084; x_wconf 85' lang='lat' dir='ltr'>forsan</span> <span class='ocrx_word' id='word_1_265' title='bbox 1106 2045 1311 2098; x_wconf 74' lang='lat' dir='ltr'>respiciens</span> 
     </span>
     <span class='ocr_line' id='line_1_36' title="bbox 43 2098 1311 2152; baseline 0.001 -13"><span class='ocrx_word' id='word_1_266' title='bbox 43 2098 174 2139; x_wconf 82' lang='lat' dir='ltr'>noster</span> <span class='ocrx_word' id='word_1_267' title='bbox 185 2099 370 2151; x_wconf 78' lang='lat' dir='ltr'>interpres</span> <span class='ocrx_word' id='word_1_268' title='bbox 390 2099 507 2138; x_wconf 84' lang='lat' dir='ltr'>vertit</span> <span class='ocrx_word' id='word_1_269' title='bbox 519 2128 531 2145; x_wconf 77' lang='lat'><em>‚</em></span> <span class='ocrx_word' id='word_1_270' title='bbox 553 2100 645 2138; x_wconf 84' lang='lat' dir='ltr'>mala</span> <span class='ocrx_word' id='word_1_271' title='bbox 663 2115 714 2137; x_wconf 86' lang='lat' dir='ltr'>res</span> <span class='ocrx_word' id='word_1_272' title='bbox 725 2101 769 2152; x_wconf 84' lang='lat' dir='ltr'>est</span> <span class='ocrx_word' id='word_1_273' title='bbox 788 2099 1003 2150; x_wconf 65' lang='lat' dir='ltr'>ignoranda:</span> <span class='ocrx_word' id='word_1_274' title='bbox 1025 2098 1087 2138; x_wconf 86' lang='lat' dir='ltr'>sed</span> <span class='ocrx_word' id='word_1_275' title='bbox 1102 2100 1182 2138; x_wconf 82' lang='lat' dir='ltr'>vim</span> <span class='ocrx_word' id='word_1_276' title='bbox 1199 2101 1311 2140; x_wconf 76' lang='lat' dir='ltr'>vocis</span> 
     </span>
     <span class='ocr_line' id='line_1_37' title="bbox 44 2151 1311 2206; baseline -0.001 -12"><span class='ocrx_word' id='word_1_277' title='bbox 44 2153 164 2194; x_wconf 58' lang='grc' dir='ltr'>ὃεινὸν</span> <span class='ocrx_word' id='word_1_278' title='bbox 176 2165 256 2193; x_wconf 93' lang='lat' dir='ltr'>non</span> <span class='ocrx_word' id='word_1_279' title='bbox 269 2152 353 2193; x_wconf 90' lang='lat' dir='ltr'>satis</span> <span class='ocrx_word' id='word_1_280' title='bbox 367 2151 563 2205; x_wconf 86' lang='lat' dir='ltr'>expreffit‚</span> <span class='ocrx_word' id='word_1_281' title='bbox 578 2166 677 2205; x_wconf 87' lang='lat' dir='ltr'>quae</span> <span class='ocrx_word' id='word_1_282' title='bbox 689 2154 877 2192; x_wconf 86' lang='lat' dir='ltr'>diritatem</span> <span class='ocrx_word' id='word_1_283' title='bbox 891 2153 1026 2192; x_wconf 87' lang='lat' dir='ltr'>innuit.</span> <span class='ocrx_word' id='word_1_284' title='bbox 1046 2152 1178 2191; x_wconf 88' lang='lat' dir='ltr'>Malim</span> <span class='ocrx_word' id='word_1_285' title='bbox 1193 2154 1311 2206; x_wconf 85' lang='lat' dir='ltr'>igitur</span> 
     </span>
     <span class='ocr_line' id='line_1_38' title="bbox 46 2206 1312 2261; baseline 0 -14"><span class='ocrx_word' id='word_1_286' title='bbox 46 2218 224 2255; x_wconf 87' lang='lat' dir='ltr'>vertere,</span> <span class='ocrx_word' id='word_1_287' title='bbox 244 2208 320 2247; x_wconf 85' lang='lat' dir='ltr'>dira</span> <span class='ocrx_word' id='word_1_288' title='bbox 333 2223 384 2247; x_wconf 85' lang='lat' dir='ltr'>res</span> <span class='ocrx_word' id='word_1_289' title='bbox 394 2210 437 2261; x_wconf 85' lang='lat' dir='ltr'>est</span> <span class='ocrx_word' id='word_1_290' title='bbox 447 2208 652 2260; x_wconf 84' lang='lat' dir='ltr'>ignorantia.</span> <span class='ocrx_word' id='word_1_291' title='bbox 679 2206 742 2246; x_wconf 82' lang='lat' dir='ltr'>Est</span> <span class='ocrx_word' id='word_1_292' title='bbox 766 2208 867 2246; x_wconf 90' lang='lat' dir='ltr'>enirn</span> <span class='ocrx_word' id='word_1_293' title='bbox 890 2207 938 2245; x_wconf 93' lang='lat' dir='ltr'>ab</span> <span class='ocrx_word' id='word_1_294' title='bbox 962 2207 1030 2246; x_wconf 88' lang='lat' dir='ltr'>illo</span> <span class='ocrx_word' id='word_1_295' title='bbox 1049 2206 1206 2247; x_wconf 86' lang='lat' dir='ltr'>Graeco</span> <span class='ocrx_word' id='word_1_296' title='bbox 1231 2207 1312 2248; x_wconf 86' lang='lat' dir='ltr'>hoc</span> 
     </span>
     <span class='ocr_line' id='line_1_39' title="bbox 45 2260 1168 2309; baseline -0.001 -8"><span class='ocrx_word' id='word_1_297' title='bbox 45 2262 223 2302; x_wconf 89' lang='lat' dir='ltr'>Latinum</span> <span class='ocrx_word' id='word_1_298' title='bbox 238 2262 478 2301; x_wconf 85' lang='lat' dir='ltr'>vocabulum</span> <span class='ocrx_word' id='word_1_299' title='bbox 489 2262 702 2301; x_wconf 88' lang='lat' dir='ltr'>derivatum</span> <span class='ocrx_word' id='word_1_300' title='bbox 714 2292 726 2309; x_wconf 89' lang='lat'>,</span> <span class='ocrx_word' id='word_1_301' title='bbox 742 2276 756 2300; x_wconf 90' lang='grc' dir='ltr'><em>ν</em></span> <span class='ocrx_word' id='word_1_302' title='bbox 770 2262 806 2299; x_wconf 92' lang='lat' dir='ltr'>in</span> <span class='ocrx_word' id='word_1_303' title='bbox 823 2277 839 2299; x_wconf 85' lang='lat' dir='ltr'>r</span> <span class='ocrx_word' id='word_1_304' title='bbox 855 2271 1015 2300; x_wconf 89' lang='lat' dir='ltr'>mutato.</span> <span class='ocrx_word' id='word_1_305' title='bbox 1035 2260 1168 2301; x_wconf 73' lang='lat' dir='ltr'>Tou..</span> 
     </span>
     <span class='ocr_line' id='line_1_40' title="bbox 101 2309 1317 2369; baseline -0.001 -15"><span class='ocrx_word' id='word_1_306' title='bbox 101 2318 175 2354; x_wconf 86' lang='lat' dir='ltr'>ead.</span> <span class='ocrx_word' id='word_1_307' title='bbox 188 2316 211 2353; x_wconf 90' lang='lat' dir='ltr'>l.</span> <span class='ocrx_word' id='word_1_308' title='bbox 224 2331 261 2363; x_wconf 90' lang='lat'>4.</span> <span class='ocrx_word' id='word_1_309' title='bbox 270 2309 414 2366; x_wconf 69' lang='grc' dir='ltr'><em>Ὥσπές</em></span> <span class='ocrx_word' id='word_1_310' title='bbox 426 2315 556 2369; x_wconf 74' lang='grc' dir='ltr'>ἀχλύν</span> <span class='ocrx_word' id='word_1_311' title='bbox 569 2315 676 2368; x_wconf 73' lang='grc' dir='ltr'>τινα)</span> <span class='ocrx_word' id='word_1_312' title='bbox 696 2315 830 2367; x_wconf 91' lang='lat' dir='ltr'>Atque</span> <span class='ocrx_word' id='word_1_313' title='bbox 846 2315 937 2354; x_wconf 86' lang='lat' dir='ltr'>haec</span> <span class='ocrx_word' id='word_1_314' title='bbox 948 2315 1001 2353; x_wconf 86' lang='lat' dir='ltr'>est</span> <span class='ocrx_word' id='word_1_315' title='bbox 1013 2315 1112 2354; x_wconf 89' lang='lat' dir='ltr'>ratio</span> <span class='ocrx_word' id='word_1_316' title='bbox 1121 2345 1133 2362; x_wconf 94' lang='lat'>‚</span> <span class='ocrx_word' id='word_1_317' title='bbox 1151 2327 1221 2354; x_wconf 89' lang='lat' dir='ltr'>cur</span> <span class='ocrx_word' id='word_1_318' title='bbox 1234 2314 1317 2354; x_wconf 85' lang='lat' dir='ltr'>ani.</span> 
     </span>
     <span class='ocr_line' id='line_1_41' title="bbox 47 2367 1316 2423; baseline -0.002 -14"><span class='ocrx_word' id='word_1_319' title='bbox 47 2380 111 2409; x_wconf 89' lang='lat' dir='ltr'>ma</span> <span class='ocrx_word' id='word_1_320' title='bbox 122 2368 266 2416; x_wconf 87' lang='lat' dir='ltr'>nostra,</span> <span class='ocrx_word' id='word_1_321' title='bbox 278 2369 364 2423; x_wconf 88' lang='lat' dir='ltr'>(aut</span> <span class='ocrx_word' id='word_1_322' title='bbox 377 2382 513 2409; x_wconf 90' lang='lat' dir='ltr'>eorum</span> <span class='ocrx_word' id='word_1_323' title='bbox 527 2367 671 2416; x_wconf 89' lang='lat' dir='ltr'>saltem,</span> <span class='ocrx_word' id='word_1_324' title='bbox 682 2370 747 2421; x_wconf 89' lang='lat' dir='ltr'>qui</span> <span class='ocrx_word' id='word_1_325' title='bbox 757 2381 835 2408; x_wconf 94' lang='lat' dir='ltr'>non</span> <span class='ocrx_word' id='word_1_326' title='bbox 847 2369 999 2422; x_wconf 88' lang='lat' dir='ltr'>penitus</span> <span class='ocrx_word' id='word_1_327' title='bbox 1010 2369 1316 2423; x_wconf 82' lang='lat' dir='ltr'>obbrutuerunt)</span> 
     </span>
     <span class='ocr_line' id='line_1_42' title="bbox 47 2422 1316 2476; baseline -0.001 -13"><span class='ocrx_word' id='word_1_328' title='bbox 47 2436 148 2476; x_wconf 86' lang='lat' dir='ltr'>quae</span> <span class='ocrx_word' id='word_1_329' title='bbox 163 2423 294 2462; x_wconf 88' lang='lat' dir='ltr'>lumen</span> <span class='ocrx_word' id='word_1_330' title='bbox 306 2423 380 2471; x_wconf 88' lang='lat' dir='ltr'>est,</span> <span class='ocrx_word' id='word_1_331' title='bbox 394 2435 438 2464; x_wconf 92' lang='lat' dir='ltr'>ut</span> <span class='ocrx_word' id='word_1_332' title='bbox 454 2423 669 2476; x_wconf 88' lang='lat' dir='ltr'>philosophi</span> <span class='ocrx_word' id='word_1_333' title='bbox 683 2424 867 2468; x_wconf 90' lang='lat' dir='ltr'>voluere,</span> <span class='ocrx_word' id='word_1_334' title='bbox 892 2423 1147 2474; x_wconf 84' lang='lat' dir='ltr'>ignorantiam</span> <span class='ocrx_word' id='word_1_335' title='bbox 1164 2436 1243 2462; x_wconf 92' lang='lat' dir='ltr'>non</span> <span class='ocrx_word' id='word_1_336' title='bbox 1257 2422 1316 2463; x_wconf 90' lang='lat' dir='ltr'>se-</span> 
     </span>
     <span class='ocr_line' id='line_1_43' title="bbox 48 2476 1314 2530; baseline -0.001 -13"><span class='ocrx_word' id='word_1_337' title='bbox 48 2489 117 2517; x_wconf 88' lang='lat' dir='ltr'>cus</span> <span class='ocrx_word' id='word_1_338' title='bbox 133 2477 310 2524; x_wconf 80' lang='lat' dir='ltr'>horreat,</span> <span class='ocrx_word' id='word_1_339' title='bbox 331 2488 445 2530; x_wconf 88' lang='lat' dir='ltr'>atque</span> <span class='ocrx_word' id='word_1_340' title='bbox 462 2490 607 2530; x_wconf 88' lang='lat' dir='ltr'>corpus</span> <span class='ocrx_word' id='word_1_341' title='bbox 629 2489 806 2516; x_wconf 88' lang='lat' dir='ltr'>mortem.</span> <span class='ocrx_word' id='word_1_342' title='bbox 833 2476 928 2516; x_wconf 85' lang='lat' dir='ltr'>Sunt</span> <span class='ocrx_word' id='word_1_343' title='bbox 946 2479 1047 2516; x_wconf 84' lang='lat' dir='ltr'>enim</span> <span class='ocrx_word' id='word_1_344' title='bbox 1062 2477 1129 2515; x_wconf 88' lang='lat' dir='ltr'>lux</span> <span class='ocrx_word' id='word_1_345' title='bbox 1148 2477 1190 2517; x_wconf 86' lang='lat'>&amp;</span> <span class='ocrx_word' id='word_1_346' title='bbox 1205 2487 1314 2516; x_wconf 86' lang='lat' dir='ltr'>tene-</span> 
     </span>
     <span class='ocr_line' id='line_1_44' title="bbox 46 2529 1315 2586; baseline 0.002 -16"><span class='ocrx_word' id='word_1_347' title='bbox 46 2531 142 2572; x_wconf 86' lang='lat' dir='ltr'>brae</span> <span class='ocrx_word' id='word_1_348' title='bbox 156 2532 211 2570; x_wconf 89' lang='lat' dir='ltr'>ita</span> <span class='ocrx_word' id='word_1_349' title='bbox 223 2531 320 2572; x_wconf 87' lang='lat' dir='ltr'>inter</span> <span class='ocrx_word' id='word_1_350' title='bbox 331 2530 368 2573; x_wconf 88' lang='lat' dir='ltr'>se</span> <span class='ocrx_word' id='word_1_351' title='bbox 383 2531 585 2586; x_wconf 74' lang='lat' dir='ltr'>oppositae</span> <span class='ocrx_word' id='word_1_352' title='bbox 596 2561 611 2580; x_wconf 93' lang='lat'><em>,</em></span> <span class='ocrx_word' id='word_1_353' title='bbox 633 2543 678 2572; x_wconf 90' lang='lat' dir='ltr'>ut</span> <span class='ocrx_word' id='word_1_354' title='bbox 689 2532 806 2572; x_wconf 86' lang='lat' dir='ltr'>altera</span> <span class='ocrx_word' id='word_1_355' title='bbox 820 2531 976 2572; x_wconf 86' lang='lat' dir='ltr'>alteram</span> <span class='ocrx_word' id='word_1_356' title='bbox 991 2529 1178 2583; x_wconf 83' lang='lat' dir='ltr'>destruat,</span> <span class='ocrx_word' id='word_1_357' title='bbox 1199 2541 1315 2585; x_wconf 84' lang='lat' dir='ltr'>atque</span> 
     </span>
    </p>
   </div>
  </div>
 </body>
</html>
