1783 3403
514 5 520 25 l

251 145 322 194 IN
356 143 440 195 DE
475 147 709 196 MORTE
747 143 1104 197 PEREGmNI.
1218 166 1321 217 541,

50 234 245 289 'designata
272 237 388 278 effent
411 238 452 278 δι
470 237 676 292 promiffa,
700 238 847 279 etiamsi
870 239 966 280 ludis
989 240 1066 293 ipse
1089 252 1171 281 non
1194 242 1311 282 inter-

54 289 206 338 fuiffet,
221 293 328 343 quod
352 303 479 331 tamen
503 293 601 331 haud
619 303 761 332 temere
787 293 1023 332 statuendum
1048 294 1101 333 est
1122 295 1175 334 ob
1191 298 1312 336 ratio·

53 355 124 382 nes
143 344 274 383 deinde
291 345 535 385 adducendas.
553 345 662 398 Quid
682 348 805 398 ergo?
821 346 970 398 Nempe
983 376 996 393 ,
1018 359 1062 386 ut
1084 346 1215 388 scenae
1237 349 1313 392 ser-¹

56 396 151 443 viat,
171 397 263 436 haec
275 410 376 437 nunc
392 400 552 450 quaerit,
569 410 611 438 ut
624 410 683 438 res
697 410 778 438 tota
791 399 925 439 melius
936 400 975 440 δι
991 400 1140 452 plenius
1153 402 1204 440 ob
1216 415 1313 442 ocu-

57 448 121 489 los
136 449 323 490 leaorum
345 463 438 490 mox
457 463 638 504 ponatur.
662 450 788 503 Quod
814 452 855 492 δι
879 453 1049 493 adhibito
1071 465 1164 492 mox
1188 455 1314 495 larva-

55 514 102 542 ιο
124 514 302 550 oratore,
323 503 390 544 sub
413 517 495 557 quo
518 504 595 558 ipse
616 505 734 545 latere
758 506 903 555 voluit,
926 507 1078 547 abunde
1092 507 1312 560 praestitum

56 554 172 609 leges.
197 555 356 597 SOLAN.
549 601 571 611 Ν
1126 578 1130 581 ·

109 612 185 649 ead.
204 610 229 648 l.
244 623 260 648 1
271 625 303 650 1.
313 609 507 650 Ἐπῆκουον
528 611 587 648 ὠν
602 613 656 650 τὰ
670 611 812 665 λοιπὰ)
827 613 959 652 Verba
973 613 1066 653 haec
1083 612 1193 667 plane
1205 614 1313 655 amit-

55 672 142 702 tunt
159 663 381 716 elegantiam
395 694 407 712 ,
424 663 452 702 fi
471 664 674 703 reddantur
693 677 781 704 cum
812 666 1041 719 interprete,
1059 683 1173 706 verum
1195 671 1312 707 audie-

56 717 135 756 bam
149 717 274 769 reliqua
289 733 363 756 cum
379 719 479 756 verba
486 717 662 768 funderet,
684 734 726 758 ac
741 719 895 769 mirificis
908 721 1064 759 Laucabus
1080 721 1239 761 Proteum
1252 738 1311 761 ex-

56 770 197 809 tolleret.
211 771 350 810 Narrat
365 771 425 810 hic
439 771 631 811 Lucianus
644 800 655 818 ,
678 771 714 811 se
735 772 916 812 audivisse
928 773 1115 825 quendam
1137 775 1312 828 Theage-

55 835 143 863 nem
158 823 259 875 φανῇ
277 839 328 874 με
363 825 434 873 dnn
461 825 525 863 καὶ
542 825 710 877 τραχείᾳ
722 826 762 864 in
779 826 895 865 trivio
912 828 1074 866 virtutes
1088 828 1285 868 latrantem
1297 857 1313 877 ,

55 876 100 916 δι
117 877 250 917 deinde
270 879 317 917 de
383 887 478 917 oteo
493 877 557 918 seu
573 877 776 931 Peregrino
797 878 1056 920 dixiffe.·Sane
1077 883 1143 933 qui
1169 883 1312 922 clamat

54 941 159 970 voce
177 943 314 983 magna
328 930 369 970 δι
394 931 522 984 aspera
536 963 548 980 ‚
574 944 730 984 gravate
751 933 890 980 verba,
915 934 956 974 δι
977 946 1056 974 non
1080 933 1147 974 nisi
1169 947 1313 988 magno

56 996 150 1024 cum
174 984 306 1024 labore
328 983 486 1037 nisuque
516 988 758 1039 pronuntiat:
774 985 916 1037 fiandere
935 989 1036 1026 verba
1063 988 1088 1026 ii
1109 989 1311 1038 dicuntur,

55 1037 127 1090 qui
141 1051 314 1091 promta,
340 1037 436 1078 facili
448 1069 460 1086 ,
479 1050 595 1091 atque
613 1039 723 1092 plena
739 1041 915 1080 oratione
938 1051 1123 1089 utuntur;
1137 1041 1187 1082 sic
1199 1046 1315 1095 fluen-

56 1090 108 1130 tia
126 1093 227 1130 verba
248 1092 351 1144 apud
367 1092 563 1132 au&orem
588 1093 764 1132 carminis
789 1094 834 1133 ad
856 1093 977 1133 Pison.
999 1093 1040 1134 δι
1062 1097 1177 1145 fluens
1192 1100 1314 1135 bantus

57 1145 161 1198 apud
176 1145 305 1185 Valer.
319 1145 440 1186 flacc.
465 1146 526 1185 lib.
553 1146 606 1185 lll
631 1147 848 1200 Argonaut.
872 1161 911 1186 v.
930 1147 1023 1200 1583
1051 1147 1171 1199 εὔροια
1189 1150 1313 1203 Λόγον

57 1198 160 1251 apud
179 1199 328 1238 Aelian.
351 1200 413 1238 lib.
431 1199 548 1246 VIII,
569 1213 601 1239 c.
623 1213 666 1239 12
679 1228 690 1247 ‚
711 1215 816 1240 mm.
838 1213 1062 1240 occurrunt.
1078 1202 1157 1240 Vix
1172 1203 1314 1243 habent

55 1251 204 1300 Latini,
221 1265 302 1305 quo
326 1253 551 1306 elegantiam
575 1253 700 1300 illam,
718 1266 817 1306 quae
842 1254 883 1293 in
907 1255 1036 1294 verbis
1061 1255 1215 1295 Luciani
1233 1256 1284 1296 est
1298 1287 1312 1305 ‚

57 1306 298 1359 exprimant3
320 1305 386 1345 nifi
408 1306 750 1347 circumlocutione
770 1319 952 1354 utantur,
972 1318 1038 1354 ut,
1063 1311 1313 1349 exaudiebam

56 1375 134 1400 cum
146 1373 270 1412 magno
281 1371 406 1399 conatu
423 1361 549 1420 religua
562 1361 732 1400 dicentem.
749 1359 848 1412 Quo
869 1360 1074 1414 respiciunt
1095 1361 1209 1401 etiam
1225 1363 1287 1402 illa
1300 1393 1313 1411 ‚

57 1426 159 1467 quae
174 1412 400 1466 sequuntur:
426 1428 557 1454 ταυτα,
573 1413 637 1465 ξὺν
648 1413 780 1463 πολλῷ
793 1412 921 1466 ispe-“m
937 1414 1132 1466 ὃιεξελθῶν
1154 1415 1315 1469 ἒὸάκρυε

59 1467 233 1522 γελοίως.
257 1467 305 1507 Et
319 1480 403 1521 pag.
417 1481 482 1520 43,
500 1467 578 1522 ἐγὼ
597 1466 635 1506 δ’
655 1468 760 1514 ἀφεὶς
775 1466 885 1507 αὐτὸν
905 1466 1233 1521 ἓιαῤῥηγνὺμενον,
1251 1483 1314 1521 ego

58 1521 245 1574 relinquens
263 1521 383 1568 illum,
398 1522 500 1574 quise
520 1519 757 1572 vociferatione
773 1523 953 1572 rumpebat.
970 1523 1079 1561 Adde
1089 1551 1100 1568 ‚
1126 1524 1231 1575 quod
1246 1523 1313 1576 ἐξ·

57 1576 207 1614 annea
224 1573 370 1628 semper
383 1575 429 1613 de
441 1587 481 1614 re
495 1575 651 1614 molesta
664 1574 704 1613 δι
725 1576 834 1628 gravi
854 1576 1009 1614 dicatur.
1028 1575 1194 1629 Euripid.
1209 1577 1314 1618 Med.

58 1641 100 1669 v.
117 1642 169 1683 79
188 1643 198 1666 ε
216 1627 440 1677 Ἀπωλόμεθ’
469 1629 525 1680 ἀρ’
545 1629 575 1668 εἰ
600 1630 715 1667 uetur
749 1630 991 1680 προσοίσομεν
1021 1630 1107 1669 Νέον
1129 1629 1285 1679 wazone}
1298 1660 1312 1678 .,

60 1683 144 1735 πρὶν
159 1680 202 1720 τό
217 1680 256 1721 θ’
274 1681 541 1734 ἑξηντληιιένοιι
555 1712 567 1730 ,
585 1681 782 1735 priusquam
796 1683 886 1720 illud
902 1684 1027 1722 malum
1047 1685 1240 1736 exhaustum
1252 1686 1315 1736 fit.

59 1734 110 1776 Εἰ
128 1734 267 1776 Alcest.
281 1749 320 1775 v.
341 1749 436 1788 354:
462 1757 506 1765 -
521 1735 609 1775 ἀλλ’
621 1735 716 1785 ὅμως
737 1736 846 1788 βάρος
861 1734 997 1789 ψυχῆς
1013 1737 1243 1776 &stamheim
1256 1739 1316 1777 ἄν.

61 1789 284 1842 Quomodo
299 1790 473 1828 exhaurire
492 1791 633 1828 dolorem
645 1819 657 1836 ‚
676 1788 718 1828 δι
735 1790 805 1828 alia
830 1792 928 1841 apud
950 1790 1104 1829 Latinos
1116 1789 1243 1842 passim
1264 1792 1319 1830 le·

60 1854 217 1897 guntur.
232 1843 340 1883 Gisb.
360 1843 540 1896 Cuperus
560 1842 724 1883 Observ.
746 1843 770 1882 l.
792 1842 871 1891 111,
890 1856 970 1895 cap.
992 1857 1027 1882 2.
1045 1843 1207 1883 Ama.
1226 1844 1316 1884 Cla·

59 1897 224 1937 riffimus
245 1897 399 1949 quidam
425 1898 467 1936 ὅ(
493 1895 736 1948 ampliffimus
761 1897 837 1944 vir,
859 1908 903 1935 ut
927 1908 1029 1948 patet
1051 1910 1100 1936 ex
1122 1899 1202 1936 eius
1221 1909 1317 1937 nota

60 1953 173 2005 Amfl.
193 1951 350 1991 editioni
376 1965 412 2004 p.
437 1951 508 2000 562
531 1951 658 1998 allira,
674 1950 828 1989 videtur
857 1952 897 1988 in
919 1950 1091 1990 Luciano
1109 1950 1231 2002 legisse
1251 1952 1317 2003 ἐξ·

60 2002 304 2053 unacum,
320 2005 432 2044 cuius
446 2003 594 2044 causam
615 2004 758 2043 nullam
779 2004 907 2044 video.
928 2004 975 2043 Et
989 2015 1115 2044 tamen
1137 2016 1217 2044 tota
1242 2006 1316 2045 viri

60 2059 110 2100 cl.
127 2057 402 2098 animadversio
428 2059 465 2097 in
483 2057 673 2103 ὲξαντλέσ
690 2057 896 2151 είὶθίξοίὶῐει.
912 2058 966 2096 At
981 2058 1170 2109 ἐξαντλέω
1187 2061 1224 2098 ὄι
1245 2059 1320 2098 ἐπ·-

63 2113 212 2153 annia
229 2110 314 2152 sunt
330 2111 593 2152 diverfiffima:
615 2112 704 2150 illud
797 2112 982 2157 exhaurio,
1007 2112 1081 2150 hoc
1099 2113 1251 2163 infundo.
1276 2113 1316 2152 ld

63 2166 174 2220 quod
195 2177 298 2218 patet
323 2179 374 2206 ex
391 2164 583 2206 tritiffimo
601 2166 814 2218 proverbio
827 2196 840 2211 ,
857 2165 894 2203 ἐς
916 2165 1118 2204 Aavaism
1131 2167 1232 2205 πίθον
1249 2166 1320 2205 ἐπ-

63 2219 233 2267 armar,
247 2233 328 2270 quo
347 2220 386 2259 δι
411 2221 531 2259 utitur
550 2218 713 2266 Noster;
731 2219 967 2271 apud·quem
992 2220 1103 2258 etiam
1125 2220 1162 2257 in
1183 2220 1322 2259 Timo-

64 2286 116 2314 ne
129 2287 212 2326 cap.
234 2272 280 2313 18
301 2273 353 2312 ait
373 2273 527 2320 Plutus,
554 2270 654 2312 ὥστε
677 2276 713 2312 ἐς
737 2277 801 2311 τον
829 2272 1028 2311 Δαναϊδῶν
1049 2271 1149 2312 πίθον
1172 2272 1321 2323 ὑδροφο-

64 2326 182 2381 φῆσειν
192 2342 256 2378 μοι
280 2326 380 2366 ἒωιῦ
391 2357 401 2375 ,
419 2327 481 2366 καὶ
494 2326 619 2377 μάτην
639 2324 902 2372 ἐπαντλήσειν,
920 2324 986 2364 τοῦ
1002 2326 1131 2365 κύτους
1150 2326 1203 2376 μὴ
1227 2326 1320 2365 στέ-

67 2395 220 2434 γοντος,
238 2383 386 2433 quanin
400 2382 605 2421 Danaidum
623 2381 750 2420 dolium
767 2395 890 2432 aquam
902 2380 1087 2432 ingesturus
1101 2379 1180 2418 mila·
1192 2381 1320 2425 videor,

65 2436 101 2477 δ’
116 2435 278 2488 incafficm
292 2433 486 2490 infitsurus‚
501 2434 616 2488 fundo
638 2449 706 2474 nen
725 2437 922 2475 continente.
943 2432 1049 2476 Male
1069 2445 1227 2487 quoque
1242 2433 1324 2474 cul·
