1783 3403
267 259 359 304 n*
397 257 716 304 NAVIGIUM
751 257 867 304 SEU
900 258 1095 305 VOTA.
1232 279 1314 325 503

124 346 196 384 ead.
209 346 235 384 l.
248 360 283 398 9.
296 347 554 399 Στρατοπέέῳ
569 345 615 386 ἔν
628 362 690 387 τις
702 346 906 400 εἰκάσειεν)
918 347 1034 392 Nihili
1045 361 1140 400 ergo
1151 348 1320 390 estvscru-

70 396 205 446 pulus,
229 412 342 452 quem
366 402 454 439 mihi
472 401 679 440 movebant
703 414 823 453 nuper
836 400 883 439 ad
898 400 1003 439 Plinii
1027 400 1162 453 Paneg.
1179 417 1222 454 31
1236 432 1249 448 ‚
1271 418 1320 449 2,

70 448 244 508 homines
264 453 503 493 CCLXXVI
523 455 561 493 in
585 467 663 493 una
684 456 774 492 navi
796 453 1053 493 frumentaria.
1077 453 1202 493 Potuit
1223 468 1318 507 ergo

69 512 185 541 etiam
203 517 290 544 cum
311 516 422 545 tauto
441 507 641 546 hominum
663 520 825 547 numero
845 507 1103 546 Alexandrina
1114 508 1232 547 Paulli
1252 521 1320 548 na·-

66 554 128 594 vis
141 555 250 598 fuisse
261 561 497 613 caraywybc.
520 560 646 600 GESN.

65 663 93 705 6
120 616 231 708 efidd.
252 629 309 669 ¹3·
335 617 540 670 Πηέέιλια)
564 617 662 657 Plur.
685 630 788 658 num.
811 615 958 658 Confer
981 616 1093 670 supra
1114 618 1259 657 Toxar.
1282 631 1319 659 c.

94 694 104 704 .
173 679 282 708 trrz.

120 729 194 764 ead.
209 726 233 766 l.
252 740 311 775 14.
339 727 645 772 Ἀναυοιλοιντίιις
667 729 749 782 τις)
779 728 963 770 Omiffam
987 729 1026 768 in
1045 728 1128 769 edd.
1150 741 1240 768 voc.
1259 743 1320 769 τις

67 777 296 819 adscivimus
313 793 361 819 ex
383 781 452 820 Ms.
469 781 567 834 Reg.
581 781 695 833 2956.

120 835 156 874 in
171 839 285 877 Schol.
299 841 363 878 col.
384 840 449 878 1.l.
466 853 496 878 1.
514 838 584 878 Τοῦ
606 838 739 888 ἱστοῦ)
760 839 819 878 Sic
843 840 981 892 legitur
997 852 1068 892 pro
1088 839 1227 887 ἱστίου,
1250 853 1319 880 ne-

64 885 171 948 scio,
192 903 376 930 eri-otene
392 893 703 944 typographico,
726 906 773 932 an
788 892 839 933 fic
862 894 901 932 in
917 893 1121 934 Scholiasta
1144 893 1247 946 ipso,
1267 907 1318 934 ex

63 941 143 982 alio
157 943 311 984 Luciani
331 945 487 985 Codice.
510 946 653 985 Rmz.

121 1001 214 1053 Pag.
239 1004 322 1042 161.
342 1004 366 1042 l.
385 1018 420 1056 9.
445 1005 695 1057 Ἀκάμαντα)
720 1004 848 1058 Cypri
871 1004 1192 1058 promontorium.
1216 1005 1316 1046 Ptol.

65 1051 190 1094 Ortel.
210 1055 377 1096 GUYET.
408 1058 525 1097 Mons
538 1059 900 1108 &promontorium
919 1057 1042 1110 Cypri
1059 1059 1292 1098 occidentale
1304 1090 1317 1108 ,

65 1109 171 1159 quod
193 1121 295 1151 nunc
313 1111 413 1151 ltaiis
431 1112 553 1151 nautis
570 1113 661 1162 Capo
681 1113 714 1149 di
739 1114 812 1150 San
835 1112 991 1164 Piphano
1006 1111 1156 1158 dicitur,
1176 1113 1277 1164 quod
1293 1126 1316 1151 a

63 1161 207 1201 dextris
229 1164 380 1204 videtur
403 1166 471 1210 iis,
499 1166 566 1217 qui
588 1167 634 1204 ab
651 1166 881 1204 Alexandria
895 1165 957 1207 vel
976 1164 1163 1217 Aegypto
1188 1165 1317 1205 versus

64 1213 245 1255 Rhodum
259 1218 298 1256 δι
313 1218 438 1257 Asiam
454 1219 624 1261 tendunt.
644 1218 778 1258 PALM.

71 1282 74 1285 ·
115 1276 189 1317 ead.
205 1275 228 1313 l.
246 1288 303 1315 11.
327 1275 568 1329 Χελιὸονέαις)
593 1276 810 1316 Χελιέονίαις
832 1275 978 1328 πέτροις
1002 1274 1216 1328 Stephanus
1242 1290 1317 1317 vo,

59 1337 134 1366 cat.
157 1326 323 1368 Gurtr.

115 1384 190 1420 ead.
207 1383 231 1420 l.
253 1395 312 1433 15.
339 1383 460 1436 Κατ’)
485 1383 549 1423 Sic
574 1383 616 1425 L,
641 1381 681 1422 &
708 1382 767 1422 ΓΙ.
786 1382 942 1436 optime.
965 1381 1008 1421 ln
1031 1381 1183 1436 reliquis
1205 1383 1316 1435 impr.

57 1434 161 1486 μετ’.
183 1434 340 1477 SOLAN.

115 1493 207 1545 Pag.
224 1495 308 1533 162.
326 1494 351 1533 l.
368 1507 400 1533 1.
414 1493 638 1546 Ἀπὸξυροι>
660 1492 776 1533 Conf.
801 1493 913 1546 supra
933 1493 1125 1533 Prometh.
1147 1492 1215 1533 sub
1233 1494 1316 1538 init.⁴

60 1546 129 1585 ubi
149 1546 338 1597 ἁποτομοί
359 1562 404 1586 τε
421 1569 465 1577 ——
483 1550 621 1598 πέτραι
639 1547 719 1588 edd.
734 1546 925 1598 Ἀπόξυροι
949 1559 1044 1587 vero
1067 1547 1187 1587 Codd.
1206 1549 1252 1585 A.
1273 1548 1314 1588 Ρ.

61 1599 104 1639 L.
125 1613 239 1652 quam
262 1602 485 1640 varietatem
501 1600 715 1640 Hemflerh.
733 1613 812 1640 non
832 1601 958 1641 retulit
978 1602 1014 1639 in
1034 1601 1140 1639 suum
1161 1600 1318 1650 locum·,

60 1653 154 1706 quia
170 1654 208 1692 in
222 1666 314 1694 nota
327 1653 456 1694 Solani
472 1654 670 1702 indicatur,
692 1655 760 1708 qui
782 1655 896 1704 addit,
918 1655 1030 1694 etiam
1046 1653 1222 1707 ἀπόξυροι
1240 1654 1315 1699 effe

61 1707 99 1747 in
114 1707 230 1748 Rhet.
248 1721 329 1759 c.7.
353 1707 495 1747 REn-z.

112 1767 190 1805 ead.
213 1767 237 1805 l.
254 1780 290 1819 9.
311 1768 532 1817 Διοεκούρων
549 1787 594 1796 -
617 1763 861 1819 ἐπικαθίσαι)
889 1766 936 1805 Et
959 1764 1070 1819 supra
1091 1766 1166 1807 hoc
1190 1766 1316 1811 ridens

63 1831 310 1866 narraverat,
330 1833 405 1871 pro
418 1819 582 1863 Merced.
595 1832 628 1858 c.
648 1833 680 1858 1.
699 1819 846 1858 Rerrz.

114 1879 192 1918 ead.
205 1879 229 1917 l.
243 1891 303 1928 17.
319 1881 383 1918 Γον
393 1876 561 1929 Μαλέαν)
571 1876 615 1916 In
629 1878 737 1930 impr.
750 1876 868 1918 ferme
880 1877 1058 1917 omnibus
1069 1887 1148 1919 erat
1158 1880 1222 1918 τὸν
1236 1882 1317 1930 Μαιρ-

65 1931 147 1972 aiot..
161 1931 206 1972 In
218 1931 270 1976 O.
286 1944 404 1979 vero,
418 1931 458 1970 &
471 1932 526 1969 Η.
540 1933 601 1970 τὶν
616 1931 788 1976 Μαλέαν,
812 1933 916 1982 quod
939 1931 1058 1970 secuti
1077 1931 1214 1970 sumus.
1236 1931 1316 1971 So-

67 1997 162 2030 ιΑΝ.
187 1984 337 2036 Guyet.
359 1985 496 2024 Μαλέα
517 1985 644 2035 legens
659 1983 847 2035 adscripsit
861 1984 934 2028 effe
949 1984 995 2024 ab
1011 1983 1028 2022 ὃ
1043 1983 1204 2023 Mamur.
1229 1984 1318 2038 Ego

68 2039 221 2078 Μαλέαν
233 2051 321 2078 cum
335 2038 517 2089 Thucyd.
533 2037 613 2085 111,
626 2053 650 2085 4
662 2038 703 2078 &
715 2039 738 2076 6
749 2069 759 2085 ‚
772 2037 944 2083 servavi,
964 2038 1068 2090 quod
1089 2038 1223 2077 indicat
1240 2038 1317 2079 Ca-

64 2091 166 2137 saub.
185 2092 231 2131 ad
252 2092 372 2137 strab,
385 2090 498 2137 xm,
519 2091 608 2145 916.
629 2091 744 2143 Apud
766 2091 890 2131 Strab.
906 2092 1058 2131 Mamm
1083 2090 1318 2144 frequenter,

62 2145 250 2186 interdum
271 2145 312 2185 &
334 2145 500 2185 Μαλέαν.
529 2145 670 2184 Κειτι.

124 2205 210 2258 Pag.
228 2205 311 2258 163.
323 2204 348 2242 l.
366 2218 401 2243 2.
413 2203 459 2242 Ἢ
470 2201 538 2243 τοῦ
550 2202 687 2254 Νηρέως
702 2199 781 2253 im.)
801 2202 971 2242 Mentem
987 2202 1147 2242 Luciani
1162 2202 1220 2243 hic
1234 2216 1316 2245 non

64 2256 153 2302 fatis
167 2256 357 2310 assequor,
371 2268 439 2297 aut
451 2269 519 2296 cur
530 2257 698 2296 Nereum
711 2256 772 2295 hic
785 2255 968 2297 adsciscat.
992 2255 1150 2295 SOLAN.

118 2318 192 2356 ead.
215 2316 238 2357 Ι.
255 2331 287 2370 5.
300 2313 570 2366 Ἐμβοῆσωμεή
594 2315 650 2355 Ex
670 2313 767 2354 Cod.
784 2313 861 2359 Ox.
875 2316 941 2367 qui
963 2311 1187 2364 ἐμβαίνομεν
1207 2327 1318 2366 prae-

68 2369 156 2417 fert,
169 2382 256 2410 cum
269 2382 388 2423 prave
402 2371 437 2407 in
453 2369 634 2408 omnibus
647 2369 756 2419 impr.
767 2365 811 2406 fit
822 2368 1063 2416 ἐκβοήσωμεν.
1078 2367 1164 2406 Vid.
1173 2367 1321 2407 'Eorta-n..

65 2436 99 2468 c.
110 2438 132 2463 2
143 2437 174 2470 ι,
189 2423 228 2462 &
240 2421 339 2463 πενθ.
353 2436 386 2462 c.
405 2421 631 2471 15.801.AN,
650 2421 700 2460 In
709 2419 760 2460 O.
772 2421 922 2471 quidem
938 2419 1318 2472 {ussoiicopaevfflenul-

67 2478 160 2518 tima
176 2477 295 2516 brevi.
315 2476 465 2517 Verum
490 2475 577 2514 ideo
599 2487 677 2513 non
700 2473 882 2513 haesitavi
901 2475 986 2524 ἑμβ.
1008 2472 1134 2513 saltem
1146 2487 1221 2525 >pro
1239 2472 1317 2518 ὲκβ.

0 2568 1 2580 ,
64 2530 151 2576 inde
165 2531 344 2586 arripere,
356 2529 445 2586 quia
457 2528 636 2573 inclamare
647 2528 704 2568 hic
715 2526 940 2582 postulatur,
951 2540 1029 2619 min
1043 2527 1242 2574 exclamare,
1260 2527 1315 2568 id·

1015 2594 1024 2619 1
1052 2595 1076 2629 4
