1835 3408
399 110 488 171 580
596 66 1479 153 ANNOT‘ATIONES

393 207 443 234 ne
461 204 545 234 erar
563 195 604 235 δι
618 195 793 235 Atticum
811 195 942 234 etiam.
962 195 1110 234 Locum
1129 194 1248 248 ipsum
1268 193 1431 247 praestat
1453 204 1669 246 apponere:

392 247 568 288 Ἀθηναῖοι
586 248 630 288 ἑὲ
655 250 889 300 προελόμενοι
906 247 985 295 τοῦ,
1007 243 1033 288 ὦ
1051 247 1238 298 Δήμητερ,
1258 246 1376 288 κοινοῦ
1388 248 1492 287 ’ὄντος
1506 247 1568 285 καὶ
1584 249 1671 286 Ἀτ-

393 301 517 347 τικοῦ,
534 304 593 350 το,
610 296 636 342 ὦ
652 303 853 353 Δάματερ,
869 305 1045 352 Δωρικον,
1060 302 1123 340 ὅτε
1146 318 1186 341 τι
1203 300 1481 351 δαυμαστικῶς
1494 304 1669 353 λέγουσι,

392 355 623 407 μαρτυροῦσι
644 357 709 395 καὶ
731 352 840 395 αὐτοὶ
865 358 989 404 σεμνὰ,
1012 354 1058 405 τξῖ
1071 355 1171 403 φωνῇ
1183 353 1407 405 τοῧ”Αλφα.
1430 353 1577 394 Poffem
1604 354 1670 392 ad-

394 410 484 448 dere
507 411 769 463 Hermogenis
796 410 925 448 locum
952 408 1014 447 lib.
1047 422 1059 446 ι
1086 409 1168 460 περὶ
1192 408 1313 456 ἰδεῶν,
1334 422 1414 459 cap.
1431 408 1477 453 6,
1501 408 1566 446 ubi
1589 407 1669 460 agit

394 463 478 515 περὶ
498 462 567 504 τῆς
592 464 834 514 σεμνότητος·
861 461 922 501 sed
948 474 1027 502 non
1050 475 1161 501 vacat
1185 462 1445 501 transcribere.
1465 460 1622 499 FABER.

451 517 540 570 Pag.
561 529 645 568 302.
658 517 682 555 l.
701 530 735 554 2.
761 515 991 566 Ἐπταφώνῳ
1011 514 1138 568 στοᾷἰ)
1167 515 1370 555 Pausanias
1389 515 1428 554 in
1449 514 1584 554 Eliacis
1598 527 1668 553 au-

396 570 482 610 &or
497 571 549 609 est
563 601 575 618 ‚
594 569 729 609 diuam
753 582 913 622 quoque
939 568 1050 608 fuiss'e
1074 570 1266 615 ποικίλην,
1295 569 1416 621 (cave
1429 580 1516 607 cum
1533 568 1668 607 Attica

396 625 556 662 eandem
581 622 655 663 effe
668 622 796 675 putes)
812 623 853 662 &
873 635 894 662 a
915 622 1108 662 nonnullis
1125 621 1263 676 Ἠχοῦς
1281 625 1405 662 Στοὰν
1428 622 1669 674 appellatam.

396 675 604 716 Rationem
621 677 742 723 addit,
766 676 942 722 βοήσαντι
961 675 1007 716 ἒὲ
1030 675 1154 726 elusio),
1179 676 1344 716 ἑπτάκις
1365 673 1437 715 ὑπο
1454 675 1519 716 τῆς
1543 672 1668 725 ἠχοῦς

399 729 418 770 ἦ
438 731 541 781 φωνὴ
557 731 620 770 ἐπὶ
634 730 733 770 τάδε
749 731 811 768 καὶ
826 730 890 769 ἐπὶ
903 732 1016 769 πλέον
1037 728 1093 769 ἔτι
1113 728 1369 769 ἀποέιὸοται·
1386 744 1419 781 p.
1442 742 1514 778 170
1536 729 1670 768 editio-

396 784 456 823 nis
469 784 762 837 Sylburgianae.
784 783 814 822 F
818 794 944 822 ABER.
965 783 1080 822 Addit
1091 783 1139 822 cl.
1154 783 1234 823 Bel.
1247 784 1292 822 de
1307 783 1403 823 Ball.
1424 782 1668 822 Plutarchum

396 838 444 877 de
464 839 603 890 garrul.
619 852 674 890 pr.
697 837 765 877 τὴν
781 837 849 887 μὲν
873 839 952 891 ’γᾶς
971 837 1007 877 ἐν
1024 836 1224 887 Ὀλυμπία
1239 839 1355 876 στοὰν
1373 838 1452 876 ἄπο
1474 834 1568 886 μιοῖς
1592 849 1670 882 φω-

396 890 454 932 vvir
475 894 629 931 πολλὰς
646 890 958 931 ἀντανακλάσεις
973 888 1170 937 ποιοῦσαν,
1191 889 1414 942 ἑπτάφωνον
1429 889 1607 930 καλοῦσι.

451 946 533 985 ibid.
559 944 713 997 Κοτίνῳ)
737 945 927 984 Videlicet
941 956 1093 984 corona
1110 944 1355 996 Olympiaca.
1376 943 1533 983 FABER.

452 1000 564 1038 ead.l.
588 999 691 1050 ς.“Ον
713 998 792 1052 ἐγὼ
806 1001 932 1050 μικρὸν
942 997 1150 1049 ἔμπροσῧεν
1171 997 1304 1049 ἀφῆκα
1319 997 1533 1050 πέτεσδαι)
1559 998 1670 1049 Quem

398 1067 459 1106 ego
476 1054 584 1105 paulo
599 1066 678 1091 ante
698 1054 812 1092 volare
831 1053 939 1103 omisi,
963 1052 1140 1102 interpol.
1158 1066 1239 1104 quo
1260 1052 1352 1103 quid
1369 1051 1490 1103 potest
1511 1051 1585 1091 effe
1605 1052 1671 1091 de·

398 1103 543 1153 terius?
568 1105 1152 1146 Lucianifacetiffimumdiaum
1176 1107 1358 1159 aperiam.
1382 1106 1544 1145 Dixerat
1557 1104 1671 1159 supra

400 1162 668 1214 χαριέστατος
683 1160 860 1212 scriptor,
872 1158 908 1200 se
922 1187 932 1205 ‚
953 1160 1042 1199 dum
1058 1159 1249 1213 Peregrini
1271 1171 1434 1199 mortem
1456 1158 1572 1199 fatuis
1585 1160 1672 1211 qui-

398 1214 556 1254 busdam
576 1213 618 1254 &
633 1214 835 1268 κεχῃνὸσιν
859 1211 1119 1265 ἀνθρωπαρίοις
1136 1225 1280 1262 narrat,
1303 1213 1469 1266 paucula
1484 1214 1670 1266 quaedam

399 1266 734 1321 ἑπιτραγῳένῖσαι·
760 1269 858 1307 inter
871 1279 997 1308 cetera
1013 1279 1142 1307 autem
1165 1267 1333 1308 evolaffe
1348 1268 1547 1307 vulturem
1565 1279 1587 1306 e
1605 1280 1673 1307 ro-

400 1335 453 1377 go
467 1323 544 1362 &e
574 1321 694 1374 Quae
716 1334 777 1362 res
791 1323 869 1361 cito
898 1322 936 1360 in
957 1322 1085 1374 plures
1109 1316 1232 1374 sparsa
1252 1321 1327 1371 est,
1352 1332 1396 1361 ut
1418 1321 1471 1361 est
1485 1323 1670 1361 humanum

400 1389 509 1429 genus
533 1377 673 1414 avidum
692 1376 945 1421 auricularum,
969 1377 1021 1414 ait
1037 1376 1251 1416 Lucretius.
1269 1375 1407 1428 Itaque
1425 1377 1521 1415 adeo
1536 1375 1599 1415 hic
1614 1374 1672 1415 se-

401 1443 477 1470 nex
493 1461 504 1478 ,
527 1429 703 1469 credulus
723 1429 763 1469 &
788 1429 960 1482 religiose
985 1429 1146 1468 mendax
1162 1459 1175 1476 ,
1201 1429 1331 1470 vidiffe
1361 1428 1397 1470 se
1419 1430 1507 1470 dicit
1533 1429 1672 1469 vultu·

402 1497 483 1523 rem
509 1483 643 1530 illum3
669 1484 709 1522 &
728 1494 855 1523 tamen
871 1513 884 1530 ,
909 1482 962 1521 ait
986 1483 1199 1531 Lucianus‚
1230 1496 1380 1523 memor
1403 1484 1498 1530 eris,
1521 1483 1672 1534 optime

402 1537 550 1583 Croni,
577 1550 637 1577 me
669 1537 866 1576 au&orem
896 1536 1006 1576 fuiffe
1031 1537 1130 1577 illius
1154 1536 1339 1583 fabellae,
1365 1550 1489 1590 neque
1513 1536 1568 1586 τῷ
1587 1537 1671 1577 ’ὀντι

403 1592 615 1644 quidquam
633 1591 708 1631 tale
730 1590 875 1630 facium
899 1590 1029 1639 fuiffe3
1051 1604 1139 1630 nam
1155 1622 1167 1640 ,
1191 1590 1358 1631 nesciens
1377 1604 1424 1630 ne
1446 1591 1517 1640 sis,
1538 1591 1675 1630 vultu-

402 1658 484 1684 rem
507 1658 582 1698 ego
603 1644 709 1684 illum
733 1644 867 1695 ἀφῆκα
882 1646 1092 1693 πέτεσδαι,
1115 1645 1222 1685 illum
1243 1659 1266 1684 e
1286 1645 1369 1685 finu
1391 1645 1586 1684 emiseram
1602 1674 1614 1692 ‚
1635 1645 1672 1684 id

403 1699 457 1739 est
468 1730 479 1746 ‚
501 1698 779 1739 mendaciolum
796 1699 888 1738 illud
902 1700 1112 1738 deridendis
1127 1699 1199 1740 istis
1216 1699 1342 1752 fungis
1355 1698 1398 1738 as
1396 1698 1580 1752 perferam
1594 1698 1673 1739 διε.

403 1752 598 1805 Interpres
619 1765 827 1806 corruptus
848 1753 898 1792 ab
928 1754 1205 1806 interpolatore
1229 1752 1448 1807 scripserat:
1478 1755 1586 1806 Quem
1610 1768 1670 1807 ego

400 1808 510 1861 paulo
532 1821 611 1846 ante
635 1808 808 1846 volantem
833 1806 1034 1859 dimiseram.
1059 1807 1217 1847 FABER.

458 1864 530 1900 ead.
551 1863 574 1900 l.
588 1861 623 1900 6.
640 1859 933 1915 Koerayemiivroe
947 1859 1038 1913 τῶν)
1054 1861 1161 1914 Lego
1176 1859 1403 1915 καταγελῶν
1413 1859 1502 1908 τῶν,
1525 1860 1672 1914 alioqui

403 1915 476 1956 διὰ
500 1915 708 1968 σχήματος
730 1915 853 1955 dicius
873 1914 986 1955 fuerit
1003 1916 1136 1955 vultur
1157 1913 1381 1969 καταγελᾷν
1404 1914 1478 1954 τῶν
1498 1915 1673 1955 ἀνοήτων.

404 1969 436 2009 F
440 1980 563 2009 ABER.
580 1968 886 2022 Καταγελῶντα)
903 1968 1150 2023 Καταγελὶὂν.
1164 1969 1332 2010 GUYET.
1350 1967 1584 2022 Καταγελῶν
1597 1970 1673 2022 τὰ)

403 2028 550 2075 Καταγ
559 2023 648 2062 ελῶν
666 2022 875 2063 necessario
889 2036 978 2063 cum
994 2024 1083 2064 Fab.
1095 2024 1294 2076 legendum
1310 2023 1422 2070 duxi;
1439 2021 1500 2062 sed
1515 2035 1563 2062 ne
1577 2023 1672 2073 peri-

404 2090 463 2118 ret
485 2077 653 2130 syllaba,
675 2075 815 2130 (risum
840 2079 997 2117 teneatis
1015 2078 1154 2130 amici)
1177 2076 1410 2130 καταγελῶν
1435 2079 1488 2115 τα
1511 2077 1671 2118 meliore

405 2132 489 2171 iure
514 2132 605 2171 mihi
630 2132 822 2171 coniicere
846 2132 982 2179 licere,
1007 2132 1091 2171 dein
1117 2132 1360 2184 cogitabam;
1384 2143 1550 2184 cumque
1575 2143 1671 2170 con·

407 2187 589 2225 ie&uram
606 2199 728 2225 meam
743 2199 763 2224 a
783 2187 835 2225 FI.
853 2187 1026 2225 adiuvari
1042 2187 1173 2225 deinde
1184 2185 1470 2239 cognoscerem,
1489 2198 1588 2237 quae
1605 2200 1687 2224 καί

407 2239 585 2293 ταγελῶν
603 2254 653 2278 τα
668 2238 879 2293 dispescuit,
893 2239 960 2280 etfi
974 2252 1133 2280 accentu
1146 2241 1182 2278 in
1195 2243 1249 2279 τὰ
1262 2238 1412 2286 omiffo,
1427 2239 1551 2292 (quod
1567 2238 1673 2292 seqq.

407 2294 490 2333 edd.
513 2293 752 2333 occasionem
775 2295 953 2347 praebuit
980 2307 1026 2333 ea
1051 2294 1325 2346 conneGlendi)
1349 2294 1401 2332 nil
1424 2293 1598 2333 dubitavi
1621 2292 1672 2334 fic

410 2348 532 2387 edere.
553 2348 652 2386 Nam
667 2347 753 2388 licet
766 2361 847 2387 non
871 2347 1072 2388 absurdum
1094 2347 1139 2387 fit
1159 2347 1449 2402 καταγελῶντα
1473 2347 1519 2387 ad
1541 2347 1673 2386 vultu-

410 2414 490 2442 rem
513 2400 675 2452 referre,
698 2402 763 2455 qui
776 2401 841 2442 fin.
858 2415 891 2443 c.
910 2415 957 2456 39
980 2403 1093 2443 etiam
1113 2403 1284 2443 humana
1306 2414 1406 2444 voce
1425 2402 1589 2455 loquens
1612 2401 1673 2447 in·,
