1783 3403
353 212 458 257 lN
524 211 644 258 DE
709 212 1024 259 DOMO.
1230 233 1326 281 457

59 301 157 350 tium
171 299 212 351 1,
234 314 297 353 17,
318 302 430 343 cuius
442 303 538 343 haec
552 313 722 342 extrema
738 303 856 343 verba
871 302 978 346 sunt:
1009 305 1049 343 In
1070 304 1154 351 illa,
1174 304 1304 358 inquit
1316 337 1328 355 ,

61 357 295 404 collublatlone
305 386 318 405 ‚
335 357 529 397 Vulcanum
541 356 727 410 profitdtſj'e
738 355 952 410 aiumfim'etz
961 389 972 405 ‚
985 362 1071 397 unde
1074 361 1125 409 fit
1138 359 1172 396 E
1177 361 1324 398 riclulzo-

62 410 143 450 nius
153 421 266 449 natus.
283 412 343 450 Ad
356 425 470 464 quem
483 411 611 450 locum
626 412 930 464 Lindenbrogius
944 413 1101 452 Luciani
1113 413 1217 452 Philo
1225 413 1328 466 pseu-

63 464 138 503 den
160 477 233 517 pro
253 465 329 505 hoc
345 464 535 519 opusculo
552 463 685 513 affem
705 467 809 518 quod
833 468 919 506 ideo
943 479 1110 513 moneo,
1130 481 1175 506 ne
1191 468 1326 506 frustra

63 517 157 557 il'iud
173 519 360 567 evolvas;
379 532 466 558 nam
483 519 534 558 ibi
554 520 706 571 quidem
730 533 811 573 cap.
837 523 872 573 ³3,
892 534 1007 559 eterra
1027 534 1128 560 natus
1144 522 1326 560 Eric-›nlm-

63 572 145 611 nius
162 571 313 620 dicitur,
335 575 397 612 ied
414 574 509 612 nihil
530 574 640 612 aliud.
656 573 804 614 Confer
820 576 931 613 etiam
945 575 1052 627 Ὀρχ.
1075 587 1157 628 cap.
1176 590 1245 628 39,
1262 575 1328 614 ubi

61 627 236 679 tangitur
256 625 406 673 fabula,
421 640 500 666 non
513 657 525 673 ,
543 638 585 666 ut
601 628 683 675 hic,
700 640 886 667 narratur.
901 629 1060 668 SOLAN.

118 682 197 719 ead.
216 682 240 720 Ι.
263 681 455 734 ι3.Ὠρίων
475 683 573 734 φέρει
591 684 654 720 τὸν
674 681 922 729 Κηδαλίωνα)
948 682 1058 734 Quia
1085 683 1177 723 haec
1201 682 1329 722 fabula

62 745 146 774 non
157 733 210 773 est
226 735 347 787 vulgo
367 746 463 774 nota
474 765 486 780 ,
504 748 582 774 non
597 736 669 774 erit
682 765 692 780 ,
712 738 827 775 credo
841 767 850 779 ,
867 737 1054 788 ingrat-um
1072 751 1158 777 meo
1176 737 1308 776 leetori
1319 765 1330 784 ‚

60 786 93 827 fi
117 787 260 840 aliquid
277 790 324 828 de
343 801 389 828 ea
408 790 556 829 dixero.
573 788 700 829 Orion
717 790 764 828 ab
782 788 1037 844 Oenopione,
1068 794 1131 843 qui
1162 793 1198 829 in
1226 791 1329 830 Chio

62 844 271 894 regnabat,
290 854 518 883 excaecatus
533 843 572 883 ὅ(
588 844 625 882 ἰη
644 845 734 883 litus
753 845 866 883 maris
890 845 1104 897 exposnus,
1123 845 1331 884 Cedaliona

0 923 3 928 .
35 936 44 942 ,
63 908 228 948 puerum
243 894 394 937 fabrum
408 898 535 950 rapuit
546 927 559 946 ‚
573 900 608 936 δι
626 899 794 937 humeris
809 900 858 936 im
866 898 989 949 pofito
1004 913 1052 938 eo
1068 900 1225 938 dubiost·
1241 900 1330 938 usus

63 947 142 997 est,
165 960 210 989 ut
224 951 270 989 ad
283 951 471 991 orientem
495 952 608 991 solem
626 951 673 991 ab
692 964 741 991 eo
765 953 981 997 duceretur,
1005 954 1070 992 ubi
1092 954 1177 992 solis
1200 954 1329 992 calore

63 1001 189 1044 visu'm
219 1006 375 1057 recepit.
406 1006 560 1045 Naxius
581 1018 707 1045 autem
739 1005 832 1053 fuit,
859 1007 898 1045 &
920 1008 954 1046 ei
979 1006 1078 1046 Iuno
1108 1008 1329 1047 Vulcanum

61 1057 238 1104 tradidit,
253 1070 297 1098 ut
318 1058 490 1098 fabrilem
515 1071 633 1099 artem
658 1073 745 1099 eum
770 1060 939 1100 doceret.
962 1059 1023 1100 De
1045 1074 1094 1100 eo
1115 1062 1331 1100 Eustathius

62 1111 113 1151 ad
130 1111 238 1151 Iliad.
254 1118 311 1160 Ξ,
327 1112 369 1153 δι
386 1113 619 1164 Apollodor.
634 1114 674 1152 L.
691 1114 731 1161 1,
757 1114 825 1164 qui
841 1127 966 1154 tamen
988 1128 1077 1154 eum
1101 1129 1180 1155 non
1203 1116 1330 1154 nomi·

61 1176 132 1207 nat
144 1195 158 1212 ,
174 1165 235 1206 sed
254 1167 355 1208 hanc
372 1167 566 1208 historiam
583 1179 720 1207 narrat.
741 1167 874 1208 PALM.

120 1221 194 1259 ead.
210 1221 235 1258 Ι.
256 1235 270 1262 1
283 1235 315 1274 ς.
326 1221 368 1261 Ὅ
379 1219 590 1273 Ἥφαιστος
604 1220 807 1274 Λημνόθεν)
828 1223 955 1262 Fuerit
970 1222 1098 1276 itaque
1117 1222 1262 1277 pictura
1278 1235 1330 1261 ta·

62 1272 133 1322 lis,
147 1285 193 1313 ut
214 1286 238 1315 e
256 1275 429 1322 Lemno,
443 1276 506 1315 sua
530 1276 707 1323 officina,
728 1277 959 1328 prospiciens
981 1278 1183 1316 Vulcanus
1207 1277 1333 1316 oculis

63 1327 245 1381 prosequi
265 1331 460 1370 videretur
482 1329 685 1370 Orionem.
707 1329 790 1369 Cur
812 1343 937 1369 autem
957 1331 1031 1370 hoc
1044 1361 1058 1377 ,
1078 1331 1182 1383 quod
1198 1330 1332 1371 Orion

66 1383 167 1435 agit,
187 1383 364 1424 Vulcanus
380 1384 559 1437 inspexerit
572 1413 583 1429 ‚
605 1384 786 1436 Hyginus
800 1385 965 1438 explicat
982 1387 1083 1438 poet.
1099 1385 1253 1424 Astron.
1274 1384 1307 1423 Π
1319 1414 1332 1432 ,

68 1449 135 1489 34.
152 1436 389 1478 Exoeecatus
403 1440 455 1477 ob
472 1439 645 1477 vitiatam
670 1439 857 1490 Meropen
881 1439 921 1479 &
943 1439 988 1479 de
1004 1438 1123 1478 insula
1140 1439 1244 1479 Chio
1257 1439 1332 1478 eie·

68 1489 156 1531 Qus
168 1521 178 1535 ,
194 1493 406 1544 existimatur
417 1493 578 1532 Lemnum
594 1508 638 1530 aa
657 1493 847 1531 Vulcanum
857 1494 1039 1545 pervemffe
1050 1524 1059 1539 ‚
1080 1494 1114 1532 δ’
1127 1495 1172 1532 ab
1182 1508 1334 1546 eoquens

69 1548 150 1584 dam
165 1547 279 1586 ducem
290 1576 304 1592 ,
327 1547 536 1586 Cedalionem
553 1546 684 1585 nomine
699 1546 856 1598 acceptffe
872 1546 947 1586 ὅτε.
965 1547 1092 1587 GESN.

121 1601 195 1641 ead.
209 1600 234 1639 l.
251 1601 410 1650 17.'‘O‘r.÷
426 1615 613 1652 συστρατ.
631 1623 674 1629 -
687 1600 741 1650 μὴ
755 1603 903 1653 beaw)
926 1601 1142 1653 Legendum
1163 1599 1236 1646 est,
1257 1599 1330 1639 nisi

67 1653 318 1694 vehementer
335 1653 469 1700 fallor,
495 1653 568 1693 ἕιτε
587 1653 640 1703 μὴ
662 1656 793 1694 &emm
808 1654 934 1694 Grsx.
950 1651 1039 1694 Ἄτε
1056 1656 1256 1708 legendum
1274 1655 1331 1692 vi·

67 1707 191 1748 detur.
208 1710 336 1760 Guyet.
349 1707 671 1760 Re&e‚cumque
686 1706 804 1748 Gesn.
823 1709 919 1747 idem
937 1709 1133 1756 divinarit,
1151 1709 1212 1748 cui
1232 1708 1330 1746 mul·

68 1772 153 1804 tum
169 1762 297 1802 tribuo
308 1791 319 1809 ,
339 1763 377 1802 id
393 1763 524 1815 potius
539 1762 681 1803 habeo.
696 1775 810 1814 quam
827 1762 956 1801 Pelleti
972 1762 1031 1802 ὅτι
1045 1763 1162 1802 θέλει.
1182 1763 1331 1801 Rmz.

124 1817 214 1870 Pag.
240 1829 324 1856 112.
339 1817 362 1855 l.
387 1815 776 1870 3.Ὕπεζευγμένων)
799 1816 968 1856 Subaudi
994 1817 1114 1868 ζώων,
1139 1817 1243 1865 βοῶν,
1263 1827 1330 1856 aut

68 1868 179 1910 fimil.
198 1869 371 1911 Guvzr.

125 1926 200 1964 ead.
213 1925 236 1963 l.
252 1925 288 1965 6.
302 1923 516 1976 Πρόκωπον)
539 1922 736 1976 Πρόκωπος
761 1924 857 1963 idern
877 1923 950 1972 est,
968 1924 1073 1977 quod
1099 1925 1332 1977 πρόσκωπος,

69 1977 360 2026 (flammant-5⁵3
379 1977 437 2016 sed
453 1980 497 2016 το
518 1979 738 2028 πρόσκωπος
762 1979 882 2030 magis
905 1978 1040 2030 placet.
1062 1978 1229 2019 GUYET.
1248 1978 1332 2018 Cur

70 2032 226 2085 Guyet.
240 2037 460 2084 πρόσκωπον
477 2033 579 2070 malit
590 2061 601 2077 ‚
621 2045 699 2070 non
716 2032 907 2084 intelligo:
928 2033 1150 2084 πρόσκωπος
1165 2035 1268 2071 enim
1284 2047 1334 2070 ree

70 2102 150 2127 mex
167 2085 274 2133 est‚3
294 2088 382 2138 πρὸς
397 2086 726 2136 κώπην.Τὴυεγά.
742 2086 781 2132 l,
797 2099 830 2126 c.
850 2099 908 2125 ιο.
925 2087 1048 2139 Long.
1064 2086 1156 2126 past.
1169 2086 1227 2132 11,
1245 2099 1331 2139 pag.

72 2153 122 2190 41
139 2153 149 2180 ε
168 2138 254 2180 νοιῦν
265 2142 399 2192 μικρὲιν
413 2140 728 2186 καθελκύσαντες,
747 2140 811 2179 καὶ
823 2140 972 2180 οἰκέτας
984 2141 1232 2192 προσκώπους
1248 2141 1333 2179 καθ-

70 2196 240 2236 ίσαντες·
255 2195 319 2234 ubi
332 2193 468 2234 frustra
483 2194 640 2233 Mollius
655 2194 808 2233 coniicit
822 2196 1042 2246 προκώπους
1055 2193 1181 2234 forsan
1201 2195 1330 2247 legen·

73 2250 180 2290 dum.
207 2247 346 2288 Noster
365 2247 586 2300 Contempl.
605 2247 621 2298 §
642 2261 673 2294 ι,
700 2248 850 2287 ἀντλεῖν
869 2248 1049 2288 ἐκέλευσα
1068 2249 1087 2286 ἦ
1113 2248 1331 2300 πρόσκωπον

72 2299 181 2343 εἶναι.
202 2302 294 2342 lbid.
308 2302 325 2352 §
339 2316 380 2352 7,
394 2302 530 2341 ναύτης
545 2303 600 2341 ἀεὶ
622 2302 684 2340 noti
700 2303 921 2353 πρόσκωπος
941 2304 996 2341 ὧν.
1018 2301 1118 2342 Cum
1135 2302 1330 2354 πρόκωπος

71 2356 140 2405 fit,
157 2369 326 2410 promtus,
338 2357 494 2410 firmus,
513 2358 645 2402 nudus,
659 2366 702 2395 ut
718 2367 855 2395 notum
875 2369 924 2395 ex
943 2357 1150 2396 Herodian.
1163 2356 1265 2403 VII,
1280 2357 1325 2403 6,

75 2410 411 2463 19,προβοιλόντες
431 2413 484 2448 τὰ
507 2409 663 2462 ξιφίέιοι
676 2433 721 2440 -
737 2410 959 2461 φονεύουσιν,
983 2410 1137 2464 ἔχοντές
1161 2425 1206 2450 τε
1225 2407 1328 2449 αὐτὰ.

71 2465 284 2515 πρόκωποι,
306 2463 560 2517 orpmnsezmv.
586 2464 675 2505 lbid.
689 2477 769 2517 cap.
789 2478 821 2516 5,
840 2478 909 2512 ιο,
933 2464 1032 2518 ἔχων
1055 2463 1248 2516 πρόκωπον
1262 2463 1330 2505 τὸν,

70 2518 222 2573 stenar,
233 2534 339 2559 manu
355 2520 477 2573 capulo
492 2521 640 2560 admota.
657 2519 834 2572 Quinam
849 2531 943 2561 vero
956 2519 1210 2568 Grammatici
1233 2519 1329 2558 idem
