1783 3403
283 191 354 237 IN
389 193 474 238 DE
510 193 742 240 MORTE
776 191 1130 240 PEREGRINI.
1250 195 1342 258 569

77 275 176 318 ciani
189 274 400 318 facetiaest.
422 277 625 318 Debuerat
645 279 793 325 dicere,
816 278 979 318 Proteus
994 279 1056 317 ille
1067 279 1178 318 Deus
1193 280 1344 330 προπά-

80 344 155 381 τωρ
172 329 243 370 fuit
255 331 371 370 nostri
386 330 536 379 Protei;
565 332 625 371 sed
640 333 727 384 quia
744 333 805 372 ille
826 331 1016 384 Sophistes
1037 332 1159 384 κυρίως
1175 334 1342 382 vocaba-

79 395 144 423 tur
161 377 406 437 Peregrinu's,
427 397 510 425 non
534 385 719 431 Proteus,
747 385 876 426 maluit
897 387 1020 429 dicere
1045 387 1250 438 προπάτωρ
1274 384 1341 428 τοῦ

79 436 275 487 ὀνόματος,
302 439 448 478 nominis
466 441 678 492 progenitor,
700 439 761 478 vel
778 440 921 478 nominis
934 440 1062 491 primus
1083 443 1208 480 anaor.
1235 441 1336 484 Nam

79 490 173 544 quid
186 489 231 530 sit
241 504 411 545 propaten
429 492 608 544 ignorare
620 505 680 531 me
692 492 826 534 fateor.
844 494 998 533 FABm.

43 594 47 596 Y
132 547 206 584 ead.
225 545 251 585 l.
269 558 326 592 ¹4.
352 546 584 598 Μειστίᾳων)
605 547 658 586 Ut
677 545 846 598 Cybeles
866 548 963 598 galli.
989 546 1191 598 Κοιυτκρίων
1211 559 1339 588 autem

77 599 184 650 quod
197 598 358 645 additur,
377 599 495 638 videri
511 600 632 651 potest
648 599 781 639 favere
793 600 996 640 sententiae
1011 614 1160 649 eorum,
1176 602 1240 652 qui
1257 602 1340 640 inu-

77 651 170 691 stam
183 652 345 692 hederae
357 651 435 691 folii
449 651 610 705 figuram
626 652 793 693 statuunt
806 667 827 693 a
840 653 1059 694 Ptolemaeo
1070 655 1230 695 Iudaeis.
1242 655 1338 706 Qua

78 705 126 745 de
143 717 187 745 re
204 706 292 745 vide
313 705 479 745 nostram
498 702 677 747 notulam*
692 707 742 746 ad
757 707 995 760 Humphredi
1015 706 1199 748 Prideaux
1216 708 1341 748 Galli-

77 770 162 798 cam
178 758 392 799 verfionem
404 760 456 799 T.
469 758 522 798 111
535 791 547 808 ‚
559 774 595 813 p.
615 759 685 806 178
702 760 742 800 δι
758 760 831 813 seq.
860 762 1124 809 Meminerint,
1139 763 1206 814 qui
1227 763 1312 800 hinc
1326 791 1341 808 ,

78 812 125 861 ad
146 811 450 852 confirmandam
466 812 571 854 suam
594 814 664 853 hac
679 814 725 853 de
754 827 794 854 re
811 814 1028 854 sententiam
1043 843 1054 862 ‚
1071 827 1338 867 argumentum

77 877 208 919 petere
225 867 382 914 volent,
397 867 608 907 Lucianum
623 868 754 920 aliquid
771 868 852 907 novi
875 869 1105 921 cruciatusque
1123 870 1204 908 talis
1230 869 1338 908 herois

70 919 304 972 sacerdotibus
320 921 440 974 dignos
451 920 704 969 comminisci;
720 921 760 961 δι
775 922 925 962 aliunde
939 921 1109 966 firmiora
1126 923 1336 974 proferant.

75 972 216 1066 ssmbus
238 987 337 1014 vero
360 973 488 1014 saltem
505 975 631 1014 similis
649 974 716 1014 fiat
728 987 774 1014 ea
787 1004 797 1022 ‚
817 989 932 1028 quam
947 987 1114 1023 tuentur,
1135 977 1290 1029 opini0‚
1313 989 1338 1015 a

105 1027 266 1067 almerio
285 1028 314 1068 si
327 1041 408 1068 non
424 1027 579 1078 eversa,
604 1040 707 1070 certe
726 1029 906 1069 concuffa
928 1030 1099 1083 graviter
1124 1031 1166 1071 ὅ(
1186 1031 1335 1070 ruinam

75 1081 231 1121 minata.
254 1081 413 1122 Somn.

128 1136 204 1174 ead„
220 1135 245 1176 l.
263 1148 321 1185 17.
343 1135 594 1189 Δᾳὲουχίοιν)
617 1135 738 1188 Quae
751 1136 797 1175 de
809 1135 943 1176 futuro
963 1136 1128 1177 oraculo
1142 1137 1216 1176 iam
1239 1137 1337 1177 dieta

74 1185 182 1235 sunt,
197 1188 406 1229 Alexandri
419 1190 724 1230 Abonotichitae
748 1190 948 1230 oraculum
969 1190 1154 1243 respicere
1174 1192 1261 1230 mihi
1278 1192 1336 1230 vi-

75 1241 278 1282 debantur:
302 1255 404 1284 nunc
417 1255 509 1283 cum
531 1243 755 1294 ὃᾳὲουχίαν
781 1245 893 1283 etiam
918 1257 1129 1291 memoret,
1152 1258 1211 1283 res
1232 1258 1336 1286 certa

75 1294 143 1335 est.
168 1296 349 1350 Hincque
363 1297 509 1350 liquido
519 1297 735 1344 conficitur,
750 1308 836 1336 ante
850 1310 991 1336 annum
1005 1297 1097 1337 Chr.
1113 1298 1256 1338 CLXV
1277 1299 1335 1338 in·

76 1348 249 1390 stitutum
261 1350 339 1391 hoc
351 1350 776 1402 solemne-Vide'Aneg.
797 1363 829 1390 c.
850 1350 910 1403 38.
932 1351 1089 1390 SOLAN.

130 1403 220 1458 Pag.
238 1417 325 1457 293.
339 1406 364 1442 Ι.
387 1418 418 1443 ι.
433 1404 642 1458 Σιβύλλοιν)
668 1404 858 1455 Sibyllina
873 1405 1026 1444 oracula
1041 1405 1148 1443 vides
1170 1404 1243 1444 iam
1261 1405 1334 1443 ob-

75 1458 177 1497 trudi
200 1469 358 1509 coepta,
377 1471 475 1511 quae
494 1472 564 1510 pro
579 1471 620 1497 re
635 1471 721 1498 nata
735 1471 783 1497 ex
804 1457 868 1498 sua
889 1459 961 1497 iam
979 1458 1211 1498 obscuritate
1224 1472 1245 1497 a
1258 1459 1335 1498 cal-

73 1510 157 1551 lidis
179 1511 400 1551 hominibus
421 1512 682 1558 eruebantur,
704 1522 769 1551 aut
793 1513 921 1563 potius
943 1511 1206 1564 fingebantur,
1229 1525 1332 1564 quae

73 1576 260 1617 quantum
280 1564 368 1618 ipsis
383 1565 602 1606 Christianis
619 1565 737 1606 fraudi
763 1566 900 1605 fuerint
912 1594 926 1610 ,
941 1579 1020 1604 non
1042 1565 1209 1605 nostrum
1228 1579 1332 1606 nunc

75 1617 129 1657 est
152 1619 366 1672 inquirere3
393 1620 433 1659 &
455 1633 475 1659 a
491 1620 582 1658 viris
606 1621 677 1658 iam
697 1619 916 1659 doffiffimis
940 1619 1087 1660 abunde
1109 1618 1332 1672 praestitum

74 1672 151 1721 est3
174 1674 352 1724 quamvis
373 1685 454 1712 non
479 1673 597 1712 defint
620 1676 717 1713 inter
739 1673 998 1719 Christianos,
1020 1674 1086 1725 qui
1101 1675 1154 1713 eis
1169 1685 1330 1725 aequam

73 1739 162 1766 cum
178 1725 288 1767 sacris
301 1726 388 1780 ipsis
402 1727 664 1767 voluminibus
678 1726 788 1766 fidem
804 1756 816 1775 ‚
844 1727 982 1766 incauti
999 1726 1083 1766 sane
1098 1727 1138 1766 δι
1159 1726 1332 1778 supersti-

70 1779 160 1819 tiofi
179 1781 378 1828 homines,
393 1781 607 1820 adhibeant.
633 1779 801 1821 Consule
814 1779 1044 1821 eruditiffimi
1059 1781 1108 1820 H.
1122 1781 1330 1828 Prideaux‚

72 1847 174 1888 quae
188 1834 273 1886 post
289 1835 382 1875 haec
403 1834 540 1887 scripta
552 1836 708 1886 prodiit,
733 1834 938 1874 Historiam
958 1845 1046 1874 toto
1063 1835 1137 1873 iam
1150 1833 1333 1875 Christia-

72 1900 130 1928 no
147 1889 245 1929 orbe
260 1887 507 1928 notiffimam.
525 1888 682 1928 SOLAN.

126 1944 203 1983 ead.
220 1943 244 1982 l.
262 1956 276 1981 1
289 1956 320 1982 1.
334 1942 514 1995 Bendas)
533 1943 633 1983 Tres
647 1941 804 1983 Bacides
817 1939 936 1990 fuisse,
953 1942 1067 1983 docet
1078 1942 1261 1981 Aelianus
1278 1941 1330 1982 V.

73 1996 127 2037 H.
138 1995 230 2046 XII,
246 2010 307 2050 35.
322 1997 426 2037 Hinc
445 2008 571 2036 autem
585 1997 767 2049 colligere
781 1995 854 2042 est,
875 2008 994 2035 totam
1010 1996 1106 2035 hanc
1123 1996 1330 2047 Anonymi

72 2052 289 2090 orationem
303 2079 316 2097 ‚
335 2063 358 2088 a
369 2050 543 2090 Luciano
556 2062 621 2090 aut
635 2049 790 2102 prorsus
801 2049 927 2088 fictam
948 2048 1022 2089 effe
1035 2080 1046 2096 ‚
1062 2061 1126 2088 aut
1141 2079 1152 2096 ‚
1177 2050 1203 2088 si
1228 2061 1331 2101 quae

71 2102 168 2152 fuit,
188 2103 378 2144 recusam:
401 2104 487 2143 talia
500 2106 599 2143 enim
620 2117 668 2143 ex
691 2115 867 2156 ternpore
889 2102 994 2142 fundi
1017 2104 1182 2142 carmina
1198 2103 1331 2142 verisi-

71 2158 163 2198 mile
176 2170 254 2198 non
267 2157 332 2198 est.
356 2157 607 2211 Quamquam
628 2170 715 2197 cum
729 2158 805 2196 dies
819 2157 964 2208 aliquot
983 2155 1252 2198 intercefferint
1277 2158 1333 2195 in-

71 2223 130 2251 ter
144 2212 335 2264 prolatum
354 2224 376 2252 a
390 2211 551 2264 Cynico
570 2212 740 2262 Sibyllae
759 2212 955 2250 oraculum
969 2241 982 2256 ‚
1005 2210 1043 2249 &
1066 2212 1160 2249 hanc
1181 2211 1332 2250 oratio-

69 2277 159 2305 nem
171 2294 184 2314 ,
202 2266 327 2318 potuit
341 2266 454 2306 etiam
471 2267 545 2306 hoc
556 2265 703 2306 Bacidis
721 2265 920 2305 oraculum
936 2265 1080 2304 interea
1094 2263 1235 2305 factum
1253 2265 1328 2304 iam

68 2328 152 2359 tum
167 2320 356 2385 expromi.
379 2319 537 2359 soum.

124 2374 205 2413 ibid.
229 2378 260 2413 Ο
272 2372 404 2426 Βάκις)
416 2374 541 2413 Huius
552 2372 822 2427 χρησμολόγον
836 2371 1011 2412 meminit
1023 2370 1224 2424 aliquoties
1237 2369 1327 2410 Ari-

69 2425 287 2479 stophanes,
301 2438 343 2467 ut
355 2427 392 2469 ἐν
410 2426 542 2479 ’ὄρνισιν
555 2427 595 2467 δι
608 2426 802 2466 ἱππεῦσιν.
823 2425 1048 2466 Scholiastes
1066 2438 1141 2465 tres
1156 2425 1236 2464 eius
1251 2436 1326 2463 no·

64 2480 183 2525 minis
195 2491 476 2524 commemorat
489 2509 500 2531 ,
522 2491 568 2523 ut
580 2481 621 2522 &
633 2481 788 2531 Suidas,
808 2480 875 2535 qui
894 2478 1122 2521 Scholiastae
1135 2478 1264 2519 locum
1287 2477 1326 2517 'm
