1783 3403
280 222 353 271 IN
384 219 712 272 ADVERSUS
748 220 1121 271 INDOCTUM.
1247 227 1342 294 369

68 313 137 361 stt,
157 313 297 355 audire.
316 316 416 367 Ego,
435 314 580 367 inquit,
608 329 715 368 nuper
727 329 803 353 cum
821 316 918 367 apud
935 314 1043 353 Lares
1062 314 1210 366 firream
1239 318 1344 358 habe-

73 384 139 408 rem
155 369 339 414 lucernam,
349 370 465 407 audito
471 370 610 422 strepitu
616 369 792 420 fhbtham
805 382 983 407 accurrens
1000 370 1237 409 animadverti.
1255 374 1341 411 Rem

73 423 190 461 deinde
200 434 372 475 reputans,
379 421 533 474 fitrtique
544 423 682 474 cauſsam
689 421 780 473 satis
794 423 928 460 obviam
937 437 954 469 ;
966 437 1057 469 cras,
1071 423 1242 475 inquam,
1251 427 1345 475 fiffl'-

73 476 306 514 leminvenies.
323 477 399 521 At,
416 488 442 514 o
457 475 561 515 bone
572 506 584 522 ,
599 489 714 528 quam
729 486 771 514 tu
785 486 863 514 tam
878 476 993 514 vilem
1010 477 1282 529 comparabam,
1299 491 1344 519 ut

74 529 146 581 qui
159 527 352 569 furaretur
365 529 553 569 neminem
571 531 774 568 inventum
791 530 835 567 iri
851 540 1017 581 putares,
1031 530 1211 570 inventus
1226 531 1280 570 est
1293 545 1345 572 eo

73 582 195 635 usque
210 581 339 622 fatuus
351 612 362 630 ‚
383 594 425 621 ut
438 592 495 622 ter
509 583 612 622 mille
626 584 814 622 drachmis
825 595 979 622 emeret.
997 583 1135 623 Libros
1146 583 1345 637 Pythago-

74 637 177 676 ricos
190 650 210 675 a
224 635 397 682 Platone,
411 636 610 688 Speusippi
629 637 842 688 philosophi
857 637 905 676 ab
917 636 1138 684 Aristotele,
1157 638 1346 679 immenso

75 691 202 744 pretio
216 701 342 730 emtos
360 701 489 729 narrat
504 689 554 729 A.
569 690 717 731 Gellius
734 689 803 737 Ill,
825 703 881 743 17·
899 691 971 731 Sed
986 692 1126 730 horum
1141 691 1212 731 alia
1227 705 1346 745 prot--⁴

76 744 139 784 sus
154 746 251 784 ratio
265 743 328 784 est.
342 743 499 784 somn.

129 800 202 837 ead.
214 799 238 836 l.
255 812 270 836 1
284 811 314 837 1.
328 797 400 835 Τῶν
415 797 570 850 νυκτῶν)
583 797 750 838 Subaudi
765 800 810 837 το
826 797 909 837 stit..
923 796 1096 838 GUYET.

129 854 204 890 ead.
219 852 244 890 l.
262 865 321 905 13.
341 850 396 901 Τῷ
416 851 632 902 θαυμαστῷ
654 852 773 900 ἐκείνῳ
795 852 972 905 γέροντι)
996 853 1107 892 Serio
1128 852 1347 906 Epictetum

75 904 227 944 laudat:
251 918 376 958 neque
398 907 499 945 enim
523 905 670 958 semper
693 907 787 945 ridet
811 906 1026 953 Lucianus‚
1051 920 1177 960 neque
1198 910 1345 948 omnia.

77 958 164 1010 Qui
179 958 207 998 ss
220 957 419 999 Socratem
434 958 554 1011 ipsum
568 960 772 1012 aliquando
788 960 1052 1000 inclementius
1073 961 1265 1010 tractarit,
1285 961 1348 1003 su-

74 1011 255 1066 spiciebat
269 1024 406 1053 tamen.
421 1013 558 1053 Senem
573 1012 680 1053 fuisse
694 1016 832 1053 docent
847 1014 887 1053 &
903 1014 966 1052 alii
980 1013 1199 1068 scriptores,
1215 1015 1348 1068 &ipse

76 1069 178 1119 apud
193 1067 400 1107 Arrianum
417 1082 454 1120 p.
468 1068 519 1108 66
539 1068 589 1106 A.
605 1067 698 1107 Aul.
718 1067 817 1108 Gell.
835 1067 890 1113 11,
909 1066 975 1106 18:
993 1070 1221 1122 DeEpz‘Heto
1234 1083 1347 1109 autem

75 1121 278 1175 philofiypho
293 1122 398 1161 nobili
417 1144 462 1151 —
476 1123 637 1161 recentior
648 1124 691 1174 est
703 1122 858 1161 memoria
868 1152 879 1169 ‚
900 1137 1002 1173 quam
1016 1123 1163 1172 utscribt'
1177 1126 1276 1176 quasi
1286 1126 1349 1164 ob·-

74 1175 245 1214 titeratum
265 1176 418 1215 debuerit.
432 1175 495 1215 Ad
521 1175 577 1214 Μ.
604 1174 755 1215 Aurelii
781 1175 900 1228 usque
914 1186 1092 1228 tempora
1113 1178 1230 1217 vitain
1255 1191 1350 1231 pro-

75 1228 223 1269 duxisse
234 1259 247 1276 ,
260 1230 395 1270 auctor
409 1229 463 1269 est
473 1229 617 1268 Suidas.
632 1229 793 1268 SOLAN.

131 1286 204 1322 ead.
220 1283 245 1322 l.
263 1297 321 1333 14.
333 1282 447 1336 Χθὲς)
468 1283 590 1322 Paulo
613 1282 697 1336 post
716 1282 909 1335 Peregrini
926 1294 1090 1324 mortem
1107 1284 1239 1338 itaque
1254 1284 1349 1326 haec

77 1335 216 1390 scripta
229 1336 325 1377 sunt.
340 1337 432 1376 Vid.
444 1342 602 1390 Hepeyp.
623 1349 655 1376 c.
674 1336 733 1388 36.
749 1336 910 1376 SOLAN.

131 1393 205 1430 ead.
220 1391 245 1429 l.
268 1404 281 1429 1
294 1404 325 1444 5.
344 1390 539 1443 Πρωτέως)
554 1391 582 1430 1.
595 1403 627 1429 e.
645 1390 846 1442 Peregrini.
862 1389 1033 1431 GUYET.

132 1445 227 1498 Pag.
246 1446 304 1485 16.
325 1445 348 1483 l.
375 1457 407 1483 1.
431 1444 628 1498 Τεγεάτου
651 1443 721 1483 τοῦ
742 1443 1009 1492 Καλυὲωνίου)
1036 1445 1234 1486 Memorat
1251 1446 1351 1487 inter

75 1497 307 1548 ἀναθήματα
326 1498 411 1538 eius
431 1499 542 1538 verbi
562 1498 675 1538 etiam
698 1497 857 1538 Pausan.
886 1498 1026 1538 Arcadi
1054 1513 1140 1553 pag.
1173 1513 1272 1551 275,
1300 1500 1348 1553 38

77 1552 332 1593 Wech.'‘Eo·‘n
348 1552 429 1604 μὲν,
443 1553 587 1605 inquit,
604 1555 647 1590 ‘rb
663 1552 785 1605 θέρμοι
800 1551 860 1592 ὑὸς
872 1551 937 1591 τοῦ
953 1553 1201 1593 Καλυδωνίου·
1220 1551 1352 1595 smmis

78 1621 176 1646 πετο
203 1606 250 1647 se
271 1603 344 1646 ὖπδ
363 1606 432 1647 τοῦ
457 1607 594 1660 χρόνον
617 1606 682 1646 καὶ
708 1606 759 1647 εἰς
782 1605 890 1647 &ww
916 1600 953 1649 ’ἦν
973 1604 1117 1662 τριχᾶἷν
1132 1606 1203 1650 Mn
1222 1608 1354 1659 «lanbr-

78 1660 209 1702 stn.
877 1671 882 1680 ¹

133 1718 206 1755 ead.
221 1715 245 1754 l.
264 1726 300 1755 2.
310 1715 368 1753 Τέι
379 1712 475 1754 ὀστᾶ
488 1713 557 1754 τοῦ
568 1711 764 1767 Γηρυονος)
781 1713 842 1753 An
860 1713 1001 1754 saelum
1016 1716 1061 1755 de
1076 1715 1279 1767 Geryonis
1292 1714 1354 1756 os-

78 1768 201 1818 filaus,
217 1769 322 1823 quod
342 1768 571 1809 Sanctorum
588 1768 758 1821 reliquiis
779 1768 978 1821 contigisse
992 1783 1082 1809 cum
1099 1770 1353 1810 admiratione

80 1824 266 1876 legimus,
283 1834 327 1863 ut
340 1823 404 1863 vel
421 1822 694 1876 multiplicatae
713 1822 807 1869 smt,
829 1824 894 1862 vel
911 1822 1136 1863 translatae?
1151 1824 1355 1864 Pausanias

79 1878 183 1917 enim
200 1878 238 1916 in
251 1878 392 1917 Atticis
406 1891 442 1931 p.
464 1885 532 1928 34,
550 1890 600 1916 20
610 1906 622 1925 ‚
637 1877 675 1915 in
689 1877 835 1929 Lydiae
849 1877 945 1917 urbe
959 1890 1039 1917 non
1061 1890 1196 1930 magna
1206 1909 1219 1925 ,
1233 1880 1355 1928 Τημέ-

81 1947 144 1972 νου
167 1931 309 1983 θύραις,
327 1933 508 1977 inventa,
531 1941 682 1978 narrat,
701 1930 786 1983 post
807 1931 996 1970 nudatum
1022 1945 1044 1970 a
1066 1932 1355 1985 tempestatibus

80 1985 220 2026 collem
232 2014 242 2032 ‚
261 1984 359 2024 ὀστᾶ
373 1988 417 2025 τὶ
435 1982 581 2040 σχῆμα.
591 1985 829 2038 περιέχοντα,
846 1985 883 2023 ἐς
897 1986 1033 2025 πίστιν
1048 1981 1095 2024 ὣς
1110 1985 1209 2024 ἔστιν
1221 1984 1354 2037 ἀνθρώ-

81 2052 169 2081 που·
181 2039 264 2079 ἐπεὶ
276 2038 348 2079 eh&
361 2038 523 2093 μέγεθος
541 2034 605 2078 οὐκ.
622 2037 723 2078 ἔστιν
739 2038 839 2078 ὅπως
852 2039 895 2077 ἂν
909 2038 1046 2090 ἔὲοξεν.
1062 2038 1353 2092 (conformatio

79 2093 194 2134 suasit
215 2094 382 2133 humana
402 2093 499 2141 effe,
519 2092 1020 2148 magnitudomelephantum
1048 2094 1177 2146 potius
1198 2104 1266 2133 aut
1292 2107 1355 2133 ce-

81 2158 166 2188 tum
183 2146 375 2200 suafiffet)
392 2145 538 2187 Αὗτίκοι
549 2145 594 2186 δὲ
611 2146 729 2200 λόγος
749 2146 853 2187 ἦλθεν
875 2146 913 2187 ἐς
929 2146 1015 2187 τοὺς
1030 2147 1210 2195 πολλοὺς,
1227 2148 1358 2198 Γηρυό-

83 2217 144 2244 νου
159 2201 228 2242 τοῦ
243 2201 452 2256 χρυσάορος
466 2196 559 2242 εἶναι
579 2199 647 2252 μὲν
667 2204 729 2241 τον
750 2203 882 2252 νεκρον,
899 2216 935 2239 κ.
950 2216 988 2240 τ.
1003 2213 1038 2240 Α.
1053 2201 1287 2240 Dicemusne
1300 2202 1357 2241 la-

83 2269 225 2296 cunam
251 2255 326 2297 effe
348 2254 433 2308 post
446 2254 624 2301 Θηβαῖοι,
640 2266 707 2294 aut
722 2254 805 2307 post
825 2253 924 2294 ὂστᾶ
946 2256 1057 2294 adeo.
1081 2255 1154 2295 Sed
1176 2255 1357 2295 hariolari

85 2311 194 2350 nolo.
209 2310 395 2363 Magnam
410 2309 490 2348 vim
505 2307 689 2348 eiusmodi
713 2309 963 2361 reliquiarum
976 2339 990 2356 ,
1004 2307 1207 2362 (κειμήλιοι
1221 2341 1233 2357 ,
1255 2309 1356 2348 θαύ-

81 2378 219 2415 ματα,
239 2361 479 2414 ἀναθήματα,
493 2376 566 2415 pro
580 2362 733 2402 diverso
746 2361 919 2416 respectu
934 2375 1077 2403 vocant
1088 2363 1257 2416 Graeci)
1274 2364 1356 2403 bre-

87 2420 190 2458 viter
212 2418 353 2457 indicat
377 2418 442 2457 Ez.
465 2414 721 2470 Spanhemius
741 2417 781 2456 in
802 2416 885 2471 ipso
898 2416 1065 2471 ingreffu
1086 2418 1216 2470 magni
1229 2418 1359 2470 operis

86 2484 175 2526 pag.
192 2487 227 2525 3.
248 2472 378 2512 stN.

140 2528 216 2565 ead.
231 2525 254 2565 l.
272 2538 303 2577 3.
318 2522 485 2577 Γηρυόνου
536 2524 705 2580 Γηρὺονος
723 2523 857 2565 diserte
874 2523 1015 2579 scripsit
1031 2523 1190 2568 Gesner.
1211 2525 1252 2566 in
1265 2535 1362 2566 nota

164 2580 312 2621 Lucian.
339 2580 422 2621 Vol.
443 2581 481 2621 V
497 2579 545 2620 ll.
1038 2578 1077 2620 A
1092 2591 1114 2619 a
