1835 3408
464 151 557 209 462
666 144 1544 195 ANNOTATIONES

466 247 542 283 tes,
558 234 657 274 Plut.
671 235 717 274 de
734 235 857 288 placit.
884 232 1016 285 philos.
1029 234 1086 282 V,
1105 246 1166 286 30.
1193 235 1247 286 C>
1249 235 1365 281 maci,
1383 234 1561 288 Stephan.
1578 232 1675 288 Byz.
1695 231 1738 278 in

466 289 611 340 Κύρνος,
627 289 769 349 aliique
792 289 893 342 apud
905 287 1077 328 Gurtler.
1090 288 1214 340 origg.
1235 289 1430 335 mundil,
1453 302 1537 342 cap.
1568 303 1639 339 20,
1658 290 1684 330 s.
1698 304 1739 339 7

466 343 587 395 Effeni
601 342 721 382 olim
714 355 811 381 inter
831 342 1015 390 ludaeos,
1035 354 1137 394 quos
1158 343 1212 380 ob
1237 340 1270 380 f.
1273 343 1424 393 ugalem
1441 345 1558 381 vitam
1582 343 1742 383 centefi-

467 410 574 436 mum
600 408 642 436 ut
656 396 859 449 plurimum
877 408 1017 433 annum
1035 394 1226 434 exceffiffe
1244 395 1372 435 scribit
1395 396 1578 448 Iosephus
1592 397 1639 437 de
1660 398 1741 437 bel·

467 450 509 490 lo
529 450 610 490 lud.
633 451 675 489 L
696 450 755 495 ΙΙ,
774 463 857 502 pag.
874 462 951 501 729
969 449 1026 487 ed.
1047 448 1118 488 Gr.
1139 449 1228 500 Bas
1246 448 1397 502 fuitque
1412 449 1481 489 lllxs
1509 460 1625 503 potus
1638 447 1740 503 ὕδωρ

469 504 713 554 mmmmm,
738 503 942 543 secundum
959 502 1153 541 Philonem
1175 503 1358 542 Iudaeum
1377 505 1423 543 de
1441 505 1509 543 vit.
1530 507 1742 557 contempl.

471 573 508 611 p.
528 557 565 596 8(
555 573 628 609 94,
651 558 759 609 quod
783 569 875 596 mox
898 556 1037 595 Noster
1055 557 1101 594 de
1114 556 1269 596 Seribus
1290 559 1402 596 etiam
1417 557 1544 598 refert.
1559 559 1742 614 Excerpfi

469 626 519 653 ex
536 611 689 650 Differt.
707 611 828 657 Maii,
850 609 1037 649 nonnulla
1057 611 1252 649 omittens.
1271 610 1414 651 Rtrrz.

527 668 600 703 ead.
617 666 640 704 l.
656 678 714 704 11.
726 664 781 704 Σῆ
779 664 864 717 ρας)
878 663 940 703 De
962 664 1018 702 his
1033 664 1185 703 dicenda
1203 666 1411 716 praeripuit
1433 664 1484 705 G.
1505 665 1557 705 H.
1579 641 1744 708 Ursinus

472 719 628 759 Diss'ert.
645 718 891 757 miscellaneis
906 719 1070 769 paternis
1085 730 1231 756 annexa
1245 731 1311 770 ‚.p
1331 719 1406 772 360
1427 718 1527 772 seqq.
1549 720 1713 760 Mnus.

529 775 609 811 ibid.
622 772 862 825 Τριακοσιων)
882 771 1139 823 Geographus
1162 771 1362 812 Graecus
1355 784 1522 813 incertus
1541 773 1580 812 in
1605 776 1741 827 Antiq.

473 827 558 866 orb.
577 826 748 878 deicript.
771 826 821 864 ita
845 826 890 865 de
912 825 1065 864 Seribus
1064 838 1173 890 pag.
1189 840 1233 874 4:
1255 824 1454 865 &vno-novoe
1471 825 1517 865 a&
1540 839 1743 869 vamme

472 880 609 921 ἕκατον
628 879 730 919 Σέκαι
751 893 816 918 και
837 879 957 927 amco,
973 880 1036 917 nal
1060 878 1195 918 ἕκατον
1220 894 1332 918 ennom
1350 879 1451 919 ἑτῶν.
1474 880 1636 921 MAIUS.

529 936 608 973 ibid.
632 926 678 972 Οἱ
703 933 769 983 μὲν
790 933 842 983 ’τῷ
865 934 943 984 ἀέρι
969 933 1044 973 διε.
1057 932 1177 986 >Vici
1194 933 1321 972 Amm.
1341 933 1502 973 Marcel.
1521 935 1564 974 L.
1587 934 1686 975 XVI
1704 935 1747 976 &

476 988 833 1028 XXV11.Addarur
851 987 1106 1039 Hippocratis
1119 987 1214 1026 liber
1235 989 1280 1026 de
1304 990 1420 1034 aere,
1439 989 1546 1041 aquis
1565 990 1604 1028 δι
1627 989 1748 1036 locis,

477 1043 518 1083 δι
534 1043 582 1081 H
597 1042 800 1081 Meibomii
816 1040 927 1092 Epist.
951 1041 997 1080 de
1012 1041 1229 1094 Longaevis
1250 1042 1295 1080 ad
1309 1041 1479 1082 Sereniff.
1504 1043 1641 1083 ducem
1661 1046 1748 1084 Au-

475 1096 627 1150 gustum
642 1094 841 1136 Brunsvic
863 1095 1026 1134 Mnus.

530 1153 602 1189 ead
615 1152 638 1189 l.
656 1164 714 1192 η.
723 1149 949 1201 ’ΎΣροποτε
934 1165 962 1189 ιι
978 1149 1057 1202 γάρ
1069 1161 1170 1201 φασι
1188 1152 1230 1187 το
1246 1147 1357 1203 ἔθνος)
1373 1148 1445 1189 Ms.
1459 1150 1584 1203 γένος,
1598 1160 1643 1190 ut
1657 1164 1749 1204 pau·

477 1205 519 1244 lo
548 1216 635 1244 ante
655 1219 704 1258 γε
690 1206 746 1243 ᾄνη
768 1204 840 1243 ὅλα.
864 1204 1066 1254 μακρόβια,
1090 1214 1196 1243 totae
1221 1214 1363 1255 gentes.
1389 1202 1450 1243 Sic
1471 1217 1517 1256 ap
1521 1205 1570 1243 ud
1591 1205 1748 1246 Latinos

476 1273 583 1311 genus
609 1258 829 1311 frequenter
852 1270 924 1319 pro
949 1259 1107 1310 populo.
1140 1258 1248 1296 Velox
1269 1272 1375 1311 genus
1401 1219 1517 1311 apudp
1521 1257 1679 1298 Florum
1699 1261 1746 1300 de

477 1315 517 1353 (¹
522 1313 623 1358 allis,
642 1312 684 1351 δι
704 1313 813 1350 alibi
806 1313 933 1365 ,quin
955 1313 993 1351 &
1016 1313 1204 1351 interdum
1225 1294 1409 1363 accipitur
1430 1324 1504 1365 pro
1525 1325 1664 1365 genere
1679 1314 1750 1353 hu-

478 1380 613 1414 mano,
629 1375 673 1405 ut
689 1365 790 1405 docii
804 1366 877 1404 viri
891 1366 935 1404 ad
946 1365 1127 1406 Senecam
1138 1365 1348 1418 Tragicum
1362 1377 1559 1406 notarunt.
1574 1366 1750 1408 GRAEV.

477 1421 612 1460 Theae
632 1420 741 1459 usum
763 1421 848 1459 huic
871 1421 973 1472 genti
987 1421 1176 1473 hodieque
1195 1419 1417 1459 familiarem
1436 1419 1634 1474 reipexiffe
1646 1422 1751 1461 vide-

479 1487 567 1523 tur3
583 1475 762 1527 quamvis
783 1487 864 1513 non
888 1475 1030 1513 invitus
1044 1473 1315 1522 concesserim,
1335 1474 1406 1514 hae
1426 1487 1528 1515 voce
1540 1475 1664 1529 vulgo
1684 1476 1752 1516 ab

480 1529 690 1568 stinentiam
705 1542 727 1567 a
742 1529 839 1567 vino
853 1537 1002 1566 tantum
1019 1528 1215 1580 designari.
1237 1528 1397 1568 SOLAN.

536 1586 611 1622 ead.
640 1581 1050 1635 l.14.Koe1'A6m-tas)
1074 1582 1168 1621 Plin
1193 1581 1293 1629 VII,
1315 1596 1359 1628 2,
1385 1594 1475 1631 eos,
1493 1581 1561 1635 qui
1579 1582 1617 1622 in
1639 1581 1751 1624 Atho

481 1649 615 1677 monte
634 1637 824 1684 habitant,
839 1637 1007 1675 centenis
1023 1636 1273 1689 quadragenis
1291 1636 1451 1682 vivere,
1468 1637 1573 1676 testis
1587 1636 1654 1677 est.
1674 1637 1752 1678 Mi

481 1705 597 1739 rum,
617 1691 645 1730 fi
666 1689 807 1730 Noster
830 1691 943 1730 hiem
958 1691 1100 1730 mendo
1116 1703 1195 1729 non
1216 1691 1335 1738 iacet,
1356 1702 1400 1729 ac
1418 1703 1490 1742 pro
1503 1688 1680 1739 Ἀθωταις,
1703 1691 1753 1732 le

482 1747 650 1798 gendum
670 1744 830 1784 Ἀθώους.
848 1744 902 1783 Ita
921 1745 1021 1783 enim
1046 1745 1176 1796 Steph.
1194 1745 1358 1796 Byzant.
1378 1745 1414 1782 in
1429 1744 1559 1784 Ἄθως·
1580 1748 1623 1784 ’τὸ
1645 1757 1753 1786 ‘tom-

483 1804 547 1839 κον
552 1799 702 1845 ”,ΑΘωος
717 1799 832 1852 χωρὶς
847 1795 914 1836 τοῦ
933 1813 972 1845 ι,
988 1798 1053 1836 καὶ
1071 1797 1217 1838 ’Asnam
1231 1797 1320 1838 τοὺς
1334 1796 1574 1838 ἐνοικοῦντας.
1587 1799 1753 1839 ΜΑιυς.

482 1852 625 1892 Cetera
640 1854 820 1892 omittere
836 1865 970 1904 cogor.
988 1853 1090 1892 Vide
1114 1852 1204 1904 Step
1208 1853 1244 1892 h.
1258 1850 1480 1903 Ἀκρὸθυνοι,
1501 1855 1543 1894 ὅ(
1562 1865 1642 1894 not.
1661 1854 1753 1894 Ber·

483 1907 557 1947 ltel.
574 1907 913 1957 RE1Tz.’A<03‡0u<
928 1907 1159 1946 coniiciebat
1172 1866 1218 1946 cpl.
1231 1906 1310 1946 Bel.
1323 1907 1369 1945 de
1383 1906 1476 1946 Ball.

539 1964 612 2000 ead.
629 1962 653 2000 l.
675 1975 732 2013 15.
747 1960 985 2013 Χαλὸαίους)
1001 1961 1120 2008 Ecce,
1133 1974 1249 2013 quam
1266 1972 1440 2000 accurate
1455 1973 1589 2013 magos
1606 1973 1628 2001 a
1640 1960 1754 2001 Chal-

486 2016 587 2055 daeis
602 2015 770 2068 seiungat
783 2046 794 2062 ‚
817 2015 924 2067 quod
941 2016 980 2054 &
995 2014 1131 2054 Strabo
1147 2015 1243 2054 XVI
1255 2045 1268 2063 ,
1290 2029 1326 2068 p.
1344 2029 1436 2068 723,
1455 2015 1495 2054 &
1519 2014 1632 2055 Curt.
1646 2016 1701 2064 V,
1719 2030 1753 2063 1,

485 2069 628 2110 fecere:
648 2069 701 2109 illi
726 2071 826 2109 enim
847 2069 962 2108 sacris
984 2069 1256 2121 operabantur,
1280 2068 1497 2122 haruspicum
1513 2068 1642 2121 fratres
1665 2070 1753 2110 ideo

487 2125 535 2163 ab
552 2124 732 2163 Arnobio
746 2124 787 2162 L.
802 2123 875 2168 lv,
890 2135 924 2172 p.
948 2137 1019 2176 ¹34
1031 2153 1042 2172 ‚
1063 2124 1173 2172 diem
1189 2123 1227 2162 hi
1243 2123 1472 2176 astrologiae
1487 2123 1689 2163 vacabant.
1703 2123 1757 2163 V.

487 2178 564 2217 Th.
583 2178 680 2218 Gale
698 2178 743 2217 ad
760 2176 956 2216 lamblich.
977 2179 1023 2217 de
1043 2178 1156 2229 myst.
1183 2192 1218 2229 p.
1245 2176 1334 2227 287,
1349 2178 1387 2216 δι
1411 2177 1692 2219 Cleric.1ndice
1707 2179 1755 2218 ad

489 2232 608 2271 Stanl.
625 2232 721 2271 Hist.
736 2231 871 2270 Philos.
886 2231 1034 2271 Orient.
1053 2245 1151 2272 voce
1163 2234 1309 2285 Magus.
1329 2232 1490 2271 MAlus.

545 2287 636 2338 Pag.
655 2299 670 2323 1
683 2300 738 2335 17.
751 2286 774 2325 l.
790 2300 819 2324 1.
831 2285 1072 2338 Ὀξυέορκίοις
1088 2309 1132 2316 -
1144 2285 1364 2339 φάρμακον)
1379 2287 1449 2324 Vir
1463 2285 1615 2339 infignis
1627 2285 1656 2326 Ι.
1669 2285 1756 2326 Cle-

488 2339 592 2379 ricus
614 2341 698 2378 Art.
717 2341 797 2380 crit.
818 2353 914 2393 part.
934 2340 992 2386 11,
1013 2339 1036 2379 s.
1057 2354 1087 2385 ι,
1110 2353 1142 2379 c.
1163 2355 1205 2379 12
1219 2340 1262 2390 ,ἕ
1279 2354 1328 2392 9,
1343 2340 1562 2393 ambiguam
1585 2340 1683 2380 hanc
1702 2341 1755 2380 ait

489 2393 811 2433 construffionem
825 2424 835 2440 ‚
859 2395 951 2446 quia
972 2393 1157 2446 fignificat
1172 2396 1479 2442 medicamentum,
1498 2410 1564 2447 quo
1583 2393 1756 2448 perspica-

488 2448 592 2488 ciores
609 2449 727 2501 fiant,
751 2461 830 2489 non
860 2461 943 2503 quo
969 2450 1144 2490 dematur
1173 2448 1423 2504 perspicacia5
1443 2449 1545 2489 reete
1575 2449 1752 2503 quidem,
