1783 3403
310 190 380 238 IN
415 191 501 239 DE
535 193 767 241 MORTE
802 193 1153 244 PEREGRINI.
1280 215 1374 268 547

95 280 253 321 nuinam
286 283 446 323 Luciani
478 282 706 337 scripturam
740 286 864 335 velis;
888 285 949 327 sed
979 287 1025 327 de
1050 289 1118 335 iis,
1149 302 1249 343 quos
1272 293 1372 344 dixi,

93 347 244 388 praeter
268 337 379 377 usum
395 369 406 386 ‚
430 338 675 391 intelligenda
706 353 816 380 mens
840 340 1047 381 scribentis.
1075 343 1260 385 Occurrit
1284 350 1371 398 qui-

92 388 180 428 dem
196 392 408 441 σνροστέιτις
428 391 545 431 Rom.
569 393 690 438 XVI,
709 407 752 441 2¹,
770 394 811 432 &
827 395 929 447 apud
945 394 1137 447 Cyrillum
1152 398 1238 438 Car.
1261 402 1284 439 6
1302 401 1369 441 Pe-

93 453 176 482 trus
189 443 404 493 &Paullus‚
420 445 485 484 τῆς
501 446 727 486 ’flamna-iae
744 449 981 499 προστάται,
996 450 1186 491 dicuntur.
1202 452 1364 495 δοῖ-ΑΝ.

146 497 227 536 ibid.
249 501 314 538 Γον
329 501 457 552 μέγαν
471 498 582 552 γοῦν)
598 499 717 539 Istaec
735 502 876 541 vocula
892 502 999 555 γοῦν,
1020 504 1058 542 δι
1082 503 1210 544 sensus
1231 520 1369 559 repen.

92 560 133 590 te
158 551 344 603 abruptus
370 552 455 591 satis
475 554 641 592 indicant
659 583 670 599 ,
705 555 824 593 multa
849 555 909 595 hic
934 569 954 594 a
982 557 1155 596 Luciano
1185 560 1378 602 adversus*

91 603 289 644 Christum
310 605 445 658 scripta
462 605 590 653 fuisse,
611 620 712 658 quae
735 621 756 646 a
779 610 990 649 maioribus
1013 611 1174 657 nostris,
1196 613 1368 655 homini·

93 656 166 697 hus
189 659 350 698 nimium
375 661 474 711 piis,
500 660 643 698 sublata
661 660 779 700 fuere.
802 663 906 701 Hinc
932 664 1063 723 itaque
1083 664 1158 713 est,
1181 668 1287 718 quod
1311 671 1368 707 di-

92 723 203 751 xerat
234 712 385 759 Suidas,
414 713 627 752 Lucianum
654 715 927 756 καθάπτεσθαι
952 730 1016 756 του
1045 722 1365 770 Χριστιανισμοῦ,

90 766 159 804 καὶ
173 761 285 806 αὐτὸν
306 765 552 818 βλασφημεῖν
571 770 635 806 τὸν
659 772 814 818 Χριστδν
831 769 868 808 ἐν
893 768 947 817 τῷ
968 769 1034 808 τοῦ
1054 762 1273 826 Περεγρίνοῦ
1283 775 1366 825 βίῳ,

90 817 256 872 (melius
279 820 421 859 dixiffet
440 820 477 859 ἐν
493 819 543 869 τῇ
558 820 621 859 τοῦ
639 822 856 875 Περεγρίνου
870 823 1033 873 *remur-57
1046 823 1063 877 )
1085 826 1171 865 hinc
1194 826 1294 868 ἷεὲἶυ
1303 844 1337 869 ιη
1352 862 1366 880 ‚

91 883 137 912 ut
162 873 201 912 in
232 873 422 926 plerisque
449 874 533 913 Mff.
558 873 680 914 Codd.
701 888 781 914 non
804 876 966 929 amplius
987 879 1104 918 exstet
1126 880 1365 934 Peregrinus.

90 925 198 967 Bene
226 938 354 966 tamen
371 958 382 974 ,
412 929 518 981 quod
549 929 609 968 hic
634 941 715 967 non
744 930 870 968 itidem
905 930 1051 980 fecere,
1072 943 1114 971 ut
1136 936 1237 986 apud
1262 936 1367 976 Iose-

91 980 212 1033 phum
226 1010 237 1026 ,
260 994 375 1033 quem
403 982 536 1035 (quod
560 982 715 1035 mirere)
731 982 920 1035 Origenes
942 986 1094 1025 duobus
1116 988 1289 1029 tribusve
1308 991 1367 1030 lo.

91 1035 147 1074 cis
166 1033 290 1074 asserit
313 1048 450 1075 contra
470 1035 666 1075 Christum
698 1037 876 1088 scripsisse
892 1069 904 1085 ‚
926 1038 968 1077 &
989 1050 1118 1078 tamen
1139 1041 1251 1081 hodie
1276 1044 1366 1083 lau-

91 1088 168 1127 dat.
194 1088 281 1141 Qui
303 1089 474 1129 fafium?
503 1090 566 1127 Nil
589 1092 692 1128 enim
714 1088 871 1130 facilius.
899 1090 940 1130 In
970 1092 1099 1132 locum
1132 1098 1366 1149 κακηγορίας·

91 1140 278 1182 suffecere
295 1143 493 1197 ἐγκώμιον.
511 1142 551 1182 Ο
572 1145 741 1182 timidam
757 1145 933 1196 pietatem
949 1147 959 1184 1
975 1145 1132 1186 FABER.
1154 1150 1256 1202 Lege
1269 1154 1363 1204 γάρ.

92 1195 266 1237 GUYET.
284 1197 349 1236 De
371 1198 484 1237 huius
503 1197 577 1236 loci
602 1198 818 1250 integritate
834 1199 979 1238 dubitat
1002 1202 1060 1239 vir
1086 1202 1183 1241 inter
1199 1206 1366 1245 Critucos

92 1251 259 1298 nobilis,
281 1252 392 1291 cuius
414 1262 544 1291 notam
572 1251 852 1302 praemnsimus‚
867 1265 917 1292 eo
937 1256 1141 1307 praecipue
1167 1258 1367 1308 inductus,

92 1305 201 1357 quod
221 1305 365 1345 vocula
389 1304 505 1358 γοῦν,
523 1317 666 1343 nexum
690 1306 879 1345 orationis
910 1306 1072 1347 indicare
1093 1308 1224 1359 solita,
1249 1313 1339 1351 nihil
1354 1344 1365 1361 ‚

95 1371 178 1411 quo
197 1358 402 1405 referatur,
428 1358 569 1397 habere
589 1358 625 1397 ei
640 1357 718 1397 visa
745 1359 809 1398 est.
834 1359 924 1399 Non
949 1373 1024 1413 ego
1045 1363 1073 1401 is
1098 1361 1204 1409 sum,
1225 1366 1292 1416 qui
1319 1366 1366 1405 de

93 1412 208 1452 rebus
220 1411 442 1452 leviusculis
457 1411 561 1452 ultro
575 1412 882 1452 controversiam
899 1427 1059 1453 movere
1073 1428 1197 1455 amem
1214 1428 1222 1455 :
1250 1418 1309 1456 sed
1326 1420 1364 1458 in

94 1479 138 1506 re
162 1465 367 1519 praesenti,
390 1479 438 1506 ne
461 1466 523 1506 cui
544 1465 667 1506 fraudi
691 1465 735 1505 sit
759 1467 835 1506 viri
859 1468 959 1506 dosii
979 1469 1211 1519 auetoritas,
1228 1472 1264 1509 in
1282 1471 1368 1511 sen-

94 1522 330 1573 tentiamque
345 1533 425 1560 non
449 1532 584 1559 veram
606 1521 652 1559 de
676 1521 795 1560 hocce
814 1521 968 1560 Luciani
992 1522 1084 1562 loco
1107 1524 1367 1576 abripiantur‚

95 1587 236 1615 cavere
259 1574 360 1614 hisce
385 1573 506 1613 visum
532 1573 596 1613 est.
620 1574 715 1614 Duo
734 1573 854 1614 ferme
869 1575 1056 1628 praestat,
1077 1589 1149 1629 pro
1174 1578 1279 1625 loco,
1293 1593 1367 1621 vo..

96 1628 182 1669 cula
200 1628 308 1683 '7⁰5¹'-
332 1629 415 1668 Aut
433 1628 537 1668 enim
560 1628 699 1668 diflum
730 1641 842 1668 novo
872 1630 1052 1682 exemplo
1082 1643 1365 1683 argumentove

96 1682 323 1730 confirmat;
348 1693 417 1722 aut
443 1681 648 1721 artificiose
672 1695 751 1722 rem
777 1683 883 1734 quasi
904 1684 942 1721 in
965 1685 1091 1722 medio
1117 1686 1335 1737 relinquens
1352 1718 1365 1735 ‚

96 1749 245 1789 partem
275 1737 443 1788 aliquam
478 1736 616 1775 causae
638 1735 706 1775 suo
728 1736 795 1775 sibi
820 1737 904 1776 iure
931 1738 1109 1777 vindicat.
1130 1739 1366 1780 Utrumlibet

97 1791 242 1844 delige;
266 1790 464 1844 quadrabit
485 1790 560 1829 hic.
582 1790 679 1829 Nam
702 1789 782 1830 five
805 1801 1074 1844 argumentum
1098 1792 1184 1831 inde
1206 1795 1279 1842 peti
1295 1807 1368 1833 ve-

97 1844 145 1884 lis
159 1874 170 1892 ‚
190 1845 281 1899 quia
301 1843 495 1885 Christum
520 1844 656 1884 colunt
681 1843 883 1884 Christiani
898 1875 909 1892 ,
933 1857 1031 1885 vero
1051 1844 1170 1885 simile
1192 1844 1258 1885 fiet
1279 1847 1367 1887 cul-

98 1910 181 1938 tum
202 1899 316 1939 etiam
336 1899 386 1937 ab
408 1897 544 1937 eisdem
564 1898 834 1950 Peregrinum:
851 1901 1029 1949 quamvis
1051 1900 1152 1938 enim
1172 1899 1293 1951 dispar
1307 1900 1368 1949 fit,

99 1952 216 2005 longe
243 1952 384 2006 dispar!
406 1952 538 1999 causa,
567 1951 762 1992 nescivere
789 1953 827 1991 id
858 1953 1031 2001 Ethnici,
1055 1951 1290 2006 similemque
1318 1956 1368 1995 ab

101 2009 327 2059 omniparte
346 2018 541 2059 putarunt.
565 2004 654 2046 Sive
678 2019 757 2045 rem
783 2006 889 2060 quasi
913 2007 950 2045 in
974 2008 1100 2046 medio
1126 2008 1368 2060 relinquens,

102 2061 140 2100 id
158 2060 287 2100 saltem
308 2062 354 2100 de
367 2059 594 2100 Christianis
610 2059 790 2106 afferere,
812 2062 850 2099 in
874 2061 950 2100 alio
969 2060 1181 2100 faetitatum
1196 2092 1208 2106 ‚
1227 2064 1370 2102 volue-

103 2114 175 2163 tit·,
203 2116 244 2155 δι
265 2114 317 2154 fic
338 2116 452 2154 etiam
475 2115 622 2166 optime
651 2114 718 2153 fibi
743 2114 890 2154 constat
909 2115 1046 2154 oratio.
1069 2115 1273 2167 Duplicem
1300 2130 1370 2156 au-

102 2179 180 2209 tem
201 2170 304 2209 hunc
330 2169 440 2208 vocis
456 2167 547 2222 ’γοῦν
568 2167 699 2215 usum,
715 2169 816 2219 apud
831 2168 1037 2215 Nostrum,
1065 2182 1110 2208 ne
1129 2170 1279 2222 longius
1301 2170 1370 2209 ab·

103 2236 190 2263 eam
203 2255 213 2271 ‚
237 2222 344 2263 facile
359 2223 396 2261 in
411 2224 452 2262 iis
473 2224 568 2262 locis
588 2223 869 2275 deprehendes,
893 2235 992 2274 quae
1007 2223 1154 2262 numeri
1168 2223 1369 2275 sequentes

104 2276 323 2317 indicabunt
343 2279 454 2326 (Ξὰυσ.
476 2289 512 2316 c.
536 2291 570 2323 i,
597 2276 662 2314 ἀλ.
687 2289 720 2314 c.
743 2289 814 2324 14,
838 2277 878 2315 δι
894 2281 988 2328 Κρον.
1006 2289 1038 2316 ε.
1055 2292 1102 2325 4,
1120 2277 1160 2316 &
1177 2277 1269 2316 alibi
1286 2276 1370 2329 pas-

104 2330 207 2384 fim.)
219 2320 326 2371 Nihil
345 2344 439 2384 ergo
454 2343 475 2369 a
497 2343 598 2369 nexu
621 2343 709 2369 cum
734 2330 1046 2381 praecedentibus
1065 2331 1212 2370 laborat
1238 2331 1299 2370 hic
1313 2332 1371 2370 lo·

105 2398 186 2427 cus.
199 2387 260 2424 An
276 2386 318 2425 &
336 2384 527 2437 sequentia
541 2396 627 2437 apte
641 2385 894 2433 cohaereant,
914 2384 1027 2423 restat
1043 2395 1084 2423 ut
1099 2385 1369 2437 expendamus.

106 2439 316 2493 Negotium
343 2450 471 2478 autem
497 2436 673 2477 facessere
701 2439 876 2485 videtur,
906 2438 1012 2488 quod
1039 2451 1133 2477 mox
1159 2439 1209 2477 ab
1241 2451 1371 2478 exem-

108 2493 174 2547 plo
196 2492 339 2534 chtisti
363 2506 386 2532 a
415 2493 489 2533 suis
518 2492 610 2532 culti
636 2493 682 2533 ad
706 2491 897 2532 historiam
919 2492 1114 2584 Petffigrini
1146 2493 1294 2532 rediens
1318 2492 1370 2531 sic

1039 2559 1074 2584 m
1105 2560 1127 2585 2
