1835 3408
454 91 546 156 '588
648 92 1524 142 ANNOTATIONES
1786 28 1793 118 ἶ

1788 122 1793 139 l

507 185 583 221 ead.
604 183 628 223 l.
649 197 707 223 12.
733 184 788 235 Τῷ
806 184 935 240 ζυγῷ)
963 184 1077 233 Αἴρειν
1101 185 1142 236 {v
1175 188 1213 223 bv
1232 198 1305 237 pro
1327 185 1498 225 doctrina
1522 170 1718 228 manciatis-
1790 197 1795 261 ζ

451 248 530 288 que
545 236 789 277 observandis
811 240 904 289 poni
926 239 1034 277 tradit
1048 238 1076 277 Ι.
1095 239 1136 277 ΕΙ
1155 240 1234 278 ner.
1250 240 1287 278 in
1306 239 1453 292 Evang.
1483 240 1619 279 Matth.
1639 242 1716 288 XI,
1791 269 1795 286 .
1830 235 1835 271 (

453 303 507 342 29
523 319 534 334 ‚
558 291 626 329 ubi
646 291 686 330 &
710 293 802 332 haec
819 293 977 332 Luciani
1003 294 1138 332 eodem
1168 293 1287 332 modo
1311 294 1482 344 exponit.
1514 294 1660 334 Rmz.
1794 298 1796 341 ἶ
1829 289 1834 302 '

510 344 589 382 ibid.
611 343 831 396 Ὀρμίτσασα
851 347 901 384 εἰς
923 345 1076 397 Ἰνὲοὺς)
1099 346 1253 385 Erudita
1267 346 1307 385 &
1322 346 1511 386 veriffima
1527 348 1619 388 haec
1637 347 1717 401 phi.

452 395 649 449 Iosophiae
671 400 825 438 historia
844 398 908 437 est.
929 400 1086 438 SOLAN.
1797 446 1799 454 Ι

509 454 581 489 ead.
600 453 622 491 I.
643 466 700 504 13.
721 453 774 490 Ἐν
791 452 841 502 τῷ
852 452 938 502 βίῳ)
965 453 1040 492 Le.
1060 454 1096 491 in
1116 456 1252 491 mundo.
1280 452 1451 492 GUYET.
1471 453 1587 494 Conf.
1604 454 1716 506 supra

456 503 557 542 Tim.
583 504 597 553 §
623 519 696 555 25,
721 508 859 545 Amor.
878 518 912 544 c.
939 519 988 545 20
1010 519 1064 558 pr.
1090 507 1128 545 &
1151 519 1182 546 c.
1202 521 1264 558 33,
1283 505 1382 545 Gall.
1411 521 1443 546 c.
1468 522 1500 560 5.
1532 507 1578 546 Et
1600 508 1717 549 Gesn.

455 558 502 596 ad
527 558 690 597 Icarom.
705 557 729 598 f.
743 560 1044 612 Berglerumque
1060 560 1104 598 ad
1119 559 1290 611 Alciphr.
1309 559 1348 606 1,
1371 574 1406 612 p.
1427 574 1509 600 120.
1538 561 1688 602 RnTz.

509 614 581 650 ead.
596 613 620 650 l.
648 625 704 664 15.
723 613 768 651 Οἱ
792 612 1034 666 Βραχμᾶνες)
1057 613 1187 665 Steph.
1209 614 1291 665 περὶ
1312 614 1464 652 πόλεων.
1491 614 1661 655 GUYET.

507 665 588 703 ibid.
608 666 828 719 Βραχμᾶνες
844 690 887 696 -
907 670 1026 719 πυρὰν
1043 667 1234 720 μεγίστην
1247 667 1478 720 ἀναβάντες)
1498 667 1645 709 Confer
1657 669 1717 710 su·

455 730 525 770 pra
547 729 682 758 notata
696 722 740 759 ad
756 721 876 759 Morr.
890 720 1037 772 Peregr.
1051 734 1083 761 c.
1100 735 1159 771 25.
1181 721 1327 760 Rmz.

511 776 584 810 ead.
601 775 624 811 l.
646 774 703 812 16.
719 774 935 827 Νεχραίοις)
949 775 1154 826 Quaenam
1169 775 1234 813 ista
1247 774 1359 825 gens?
1380 773 1491 826 Quid
1503 773 1530 813 sl
1545 774 1719 816 Aracho-

455 823 531 864 fios
547 830 736 880 reponas?
757 829 913 868 SOLAN.
939 829 1138 867 Νυσσαίοις
1162 828 1388 868 coniiciebat
1407 829 1454 868 cl.
1468 829 1548 868 Bel.
1562 830 1608 869 de
1619 830 1715 870 Ball.

511 880 600 934 Pag.
623 894 710 934 312.
727 884 748 920 l.
765 883 800 921 6.
815 881 860 920 Ἤ
879 880 944 921 τῆς
962 882 1169 934 καθέδρας)
1197 881 1363 934 Καθὲὸρα
1385 882 1444 922 hic
1465 882 1541 934 ipse
1559 882 1721 924 sedentis

457 931 611 973 habitus
633 947 747 986 arque
763 935 876 981 snus,
900 947 942 974 ut
968 938 1199 975 κατάκλισις
1219 935 1330 988 supra
1349 936 1397 975 de
1420 948 1546 975 morte
1565 936 1718 990 Peregr.

457 998 488 1025 c.
509 1001 553 1038 25
573 987 595 1026 f.
615 985 692 1028 οὗθ’
706 988 786 1028 ὅσον
803 990 925 1042 ὀλίγον
941 988 1187 1041 ἐντρέψαντες
1199 988 1268 1029 τνῖς
1287 990 1567 1031 κατακλίσεως.
1592 990 1717 1030 Etiam

459 1041 551 1080 alias
567 1042 730 1095 καθέδρα
744 1056 822 1083 non
837 1042 950 1095 ipsam
968 1042 1088 1082 sedem
1103 1074 1115 1090 ‚
1131 1042 1155 1083 s.
1173 1044 1206 1083 id
1218 1074 1230 1091 ‚
1249 1044 1287 1082 in
1306 1056 1388 1095 quo
1411 1042 1573 1091 sedetur,
1593 1055 1719 1093 notat,

454 1093 517 1133 sed
533 1093 727 1136 seffionem
739 1128 750 1145 ‚
765 1110 913 1137 moram
927 1097 1111 1136 defidendi
1125 1097 1199 1137 &c.
1211 1098 1262 1136 V.
1277 1110 1312 1150 g.
1327 1098 1511 1149 Thucyd.
1529 1097 1588 1145 11,
1609 1098 1666 1146 ¹8,
1680 1098 1724 1138 ἐν

454 1151 614 1199 ’τοιαύτῃ
636 1150 725 1206 ὂργῇ
745 1151 760 1189 ὃ
785 1153 950 1204 στρατὸς
971 1151 1277 1203 τὸνἈρχίεῩαμον
1293 1152 1329 1191 ἐν
1350 1150 1397 1201 τ’,ῆ
1412 1150 1577 1203 καθέδρᾳ
1595 1149 1719 1206 ε’ῐχεν,

450 1216 589 1256 propter
598 1220 735 1244 moram.
745 1205 921 1244 Ostendit
934 1205 985 1243 ibi
994 1207 1071 1244 Wa
1078 1204 1176 1251 flius,
1189 1204 1444 1257 synonymon
1454 1205 1527 1247 effe
1541 1205 1724 1258 καθέἒραν·

458 1255 650 1308 ἐπιμονῆς,
665 1259 919 1314 ἐπισχέσεως,
942 1256 1065 1310 ἕθρας,
1089 1258 1299 1311 sumpse&
1324 1257 1521 1308 ἀναβολῆς,
1541 1258 1665 1309 μονῆς,
1683 1274 1720 1300 κ.

454 1325 495 1348 vt.
512 1322 548 1350 Λ.
575 1312 712 1365 Neque
737 1312 972 1353 obliviscitur
994 1314 1072 1353 loci
1091 1313 1304 1359 Plutarchi,
1325 1313 1491 1353 Camillo
1514 1327 1551 1365 p.
1573 1314 1647 1352 260
1661 1313 1713 1352 H.

453 1364 588 1417 Stepb.
601 1362 668 1406 ἱίτε
691 1369 781 1418 ’πρὸς
804 1367 856 1417 τῷ
875 1368 1107 1416 Καπετωλίῳ
1123 1367 1285 1419 καθέὸρα
1305 1368 1370 1408 καὶ
1386 1365 1514 1421 σχολὴ
1538 1369 1719 1421 ’γενομένη

454 1431 472 1442 ⁶
518 1419 620 1458 ὁνιος.
645 1419 775 1460 GESN.

455 1434 587 1512 Apead.
605 1474 628 1512 l.
652 1486 710 1514 12.
732 1476 797 1514 Τον
819 1474 1096 1527 ὀπισίτόἒομον)
1123 1475 1183 1515 Ne
1205 1475 1268 1515 cui
1287 1474 1388 1515 forte
1402 1473 1632 1517 Scholiastae
1655 1486 1720 1514 au-

456 1525 614 1565 &oritas
637 1527 809 1580 imponat
823 1561 833 1577 ,
848 1542 929 1569 non
949 1528 1002 1569 est
1021 1529 1081 1567 hic
1100 1527 1226 1569 sermo
1250 1529 1296 1568 de
1315 1530 1382 1570 illo
1392 1528 1552 1569 Palladis
1573 1528 1610 1567 in
1632 1540 1722 1568 arce

455 1580 701 1621 Athenarum
714 1583 1000 1635 opisthodom0‚
1015 1582 1076 1622 sed
1091 1583 1135 1623 de
1149 1583 1296 1636 postico
1309 1583 1443 1636 templi
1456 1582 1564 1622 Iovis
1574 1581 1720 1634 Olym·

456 1635 539 1687 pii,
559 1637 663 1688 quod
676 1638 908 1677 auditorium
923 1637 1031 1677 fuiffe
1043 1638 1313 1690 praeconibus,
1332 1636 1579 1690 philosophis,
1601 1637 1638 1676 δι
1653 1636 1721 1688 qui

456 1701 572 1741 agere
585 1702 673 1729 cum
688 1692 932 1731 multitudine
945 1691 1104 1737 vellent,
1114 1692 1159 1731 ad
1176 1691 1408 1743 superiorem
1418 1692 1463 1731 de
1473 1701 1598 1730 morte
1610 1689 1720 1731 Pere-

456 1743 557 1794 grini
571 1743 741 1784 libellum
757 1745 842 1785 satis
855 1745 1046 1787 ostensum
1066 1745 1129 1785 est.
1149 1746 1238 1785 vid.
1254 1746 1299 1784 ad
1315 1759 1348 1785 c.
1365 1759 1425 1799 32·
1443 1744 1574 1785 GESN.

515 1799 590 1838 ead.
610 1799 634 1836 l.
659 1812 715 1847 14.
743 1799 956 1854 Αἰθιοπίαν)
985 1799 1161 1853 Quinam
1189 1800 1241 1839 ibi
1264 1799 1481 1854 philosophi
1495 1810 1720 1839 memoran-

455 1853 551 1890 tur?
575 1852 734 1893 SOLAN.
1686 1874 1688 1876 v
1714 1875 1717 1878 ·

511 1906 548 1944 in
557 1909 584 1945 S
587 1907 674 1946 chol.
688 1908 753 1947 col.
771 1922 802 1947 1.
818 1909 840 1949 I.
855 1923 889 1948 2.
900 1908 1011 1960 Μέρος
1027 1905 1090 1947 τῆς
1106 1907 1260 1962 ἁκροπ.)
1275 1909 1365 1949 Non
1376 1907 1470 1948 vidit
1480 1905 1721 1956 scholiastes,

456 1958 504 2000 de
518 1959 789 2012 opisthodomo
806 1962 1025 2017 Olympico
1040 1962 1100 2001 hic
1115 1963 1186 2017 agi.
1207 1962 1340 2016 Quam
1358 1962 1513 2016 supine!
1533 1960 1692 2001 SOLAN.

516 2014 607 2068 Pag.
623 2029 710 2068 313.
726 2017 750 2056 l.
767 2030 782 2055 1
795 2031 824 2056 1.
840 2018 1024 2069 Ἐταίρους
1041 2017 1103 2055 καὶ
1121 2018 1325 2071 μαθητὰς)
1346 2016 1594 2057 Honestiores
1613 2014 1718 2055 disci·

457 2069 575 2120 pulos
597 2067 762 2122 ἑταίρους
776 2073 930 2120 vocari,
944 2072 1019 2111 vid.
1031 2072 1130 2124 apud
1153 2071 1178 2112 1.
1194 2071 1332 2112 Elsner.
1349 2072 1396 2111 ad
1415 2072 1563 2121 Evang.
1578 2069 1716 2109 Matth.

459 2122 619 2171 XXV1‚
640 2136 710 2175 50,
728 2125 792 2164 ubi
816 2126 987 2165 &Iudae
1003 2127 1053 2165 ait
1078 2125 1280 2166 Servator:
1305 2125 1442 2180 ἑταῖρε,
1465 2122 1561 2175 ἐφ’ᾆῖ
1582 2125 1721 2177 wulpen

456 2175 519 2216 sed
539 2178 615 2218 hoc
643 2179 684 2216 in
708 2180 847 2232 vulgus
872 2192 1020 2219 notum.
1049 2179 1192 2220 Rmz.

514 2236 588 2271 ead.
610 2232 634 2270 l.
655 2245 712 2271 12.
731 2235 798 2272 Καὶ
817 2233 953 2286 ἄλλον)
979 2234 1159 2287 Ephesius
1179 2235 1238 2274 ille
1253 2233 1474 2274 Heraclitus
1490 2232 1565 2280 est,
1589 2232 1720 2272 Abde-

457 2283 603 2326 ritanus
626 2284 898 2336 Democritus,
922 2301 1037 2341 quem
1062 2290 1101 2328 &
1126 2289 1314 2328 Milefium
1339 2289 1489 2341 quidam
1517 2287 1722 2336 tradidere.

458 2339 511 2378 V.
530 2339 654 2401 Diog..
671 2340 796 2381 Lae‘rr.
826 2343 869 2381 In
894 2342 1057 2382 Scholiis
1080 2343 1262 2399 impreffis
1284 2341 1600 2397 perturbatiffima
1626 2341 1718 2383 haec

460 2405 572 2437 antea
588 2407 695 2436 erant
714 2397 855 2437 omnia.
880 2397 1038 2439 SOLAN.
